,Creation Time,Terminal Time,Current Time,Creation-Terminal Time,Terminal-Current Time,Creation-Current Time,Bid,Ask,TypeBroker,BrokerName,DR,Terminal,Protocol,Period,Symbol,Ask_Diff,Bid_Diff,UP,Spread,OpeningTime,ClosingTime
0,2022-03-31 08:42:24.186000,2022-03-31 08:42:24.244000,2022-03-31 08:42:35.181916,58.0,10937.916,10995.916,1.11229,1.11229,MM,MetaQuotes Software Corp.,DEMO,MT5,ZMQ,60,EURUSD,0.0,0.0,0,0.0,200.0,200.0
1,2022-03-31 08:42:25.264000,2022-03-31 08:42:25.322000,2022-03-31 08:42:35.197511,58.0,9875.511,9933.511,1.11231,1.11231,MM,MetaQuotes Software Corp.,DEMO,MT5,ZMQ,60,EURUSD,1.999999999990898e-05,1.999999999990898e-05,1,0.0,200.0,200.0
2,2022-03-31 08:42:27.842000,2022-03-31 08:42:27.900000,2022-03-31 08:42:35.213139,58.0,7313.139,7371.139,1.11229,1.11229,MM,MetaQuotes Software Corp.,DEMO,MT5,ZMQ,60,EURUSD,-1.999999999990898e-05,-1.999999999990898e-05,-1,0.0,200.0,200.0
3,2022-03-31 08:42:27.920000,2022-03-31 08:42:27.978000,2022-03-31 08:42:35.228766,58.0,7250.766,7308.766,1.1123,1.1123,MM,MetaQuotes Software Corp.,DEMO,MT5,ZMQ,60,EURUSD,1.0000000000065512e-05,1.0000000000065512e-05,1,0.0,200.0,200.0
4,2022-03-31 08:42:35.123000,2022-03-31 08:42:35.181000,2022-03-31 08:42:35.228766,58.0,47.766,105.766,1.11231,1.11231,MM,MetaQuotes Software Corp.,DEMO,MT5,ZMQ,60,EURUSD,9.999999999843467e-06,9.999999999843467e-06,1,0.0,200.0,200.0
5,2022-03-31 08:42:37.608000,2022-03-31 08:42:37.666000,2022-03-31 08:42:37.666257,58.0,0.257,58.257,1.1123,1.1123,MM,MetaQuotes Software Corp.,DEMO,MT5,ZMQ,60,EURUSD,-9.999999999843467e-06,-9.999999999843467e-06,-1,0.0,200.0,200.0
6,2022-03-31 08:42:37.717000,2022-03-31 08:42:37.775000,2022-03-31 08:42:37.791236,58.0,16.236,74.236,1.11229,1.11229,MM,MetaQuotes Software Corp.,DEMO,MT5,ZMQ,60,EURUSD,-1.0000000000065512e-05,-1.0000000000065512e-05,-1,0.0,200.0,200.0
7,2022-03-31 08:42:37.873000,2022-03-31 08:42:37.931000,2022-03-31 08:42:37.931859,58.0,0.859,58.859,1.1123,1.1123,MM,MetaQuotes Software Corp.,DEMO,MT5,ZMQ,60,EURUSD,1.0000000000065512e-05,1.0000000000065512e-05,1,0.0,200.0,200.0
8,2022-03-31 08:42:41.764000,2022-03-31 08:42:41.822000,2022-03-31 08:42:41.822486,58.0,0.486,58.486,1.11228,1.11228,MM,MetaQuotes Software Corp.,DEMO,MT5,ZMQ,60,EURUSD,-2.0000000000131024e-05,-2.0000000000131024e-05,-1,0.0,200.0,200.0
9,2022-03-31 08:42:41.842000,2022-03-31 08:42:41.900000,2022-03-31 08:42:41.916235,58.0,16.235,74.235,1.11229,1.11229,MM,MetaQuotes Software Corp.,DEMO,MT5,ZMQ,60,EURUSD,1.0000000000065512e-05,1.0000000000065512e-05,1,0.0,200.0,200.0
10,2022-03-31 08:42:42.420000,2022-03-31 08:42:42.478000,2022-03-31 08:42:42.494392,58.0,16.392,74.392,1.1123,1.1123,MM,MetaQuotes Software Corp.,DEMO,MT5,ZMQ,60,EURUSD,1.0000000000065512e-05,1.0000000000065512e-05,1,0.0,200.0,200.0
11,2022-03-31 08:42:43.405000,2022-03-31 08:42:43.463000,2022-03-31 08:42:43.463136,58.0,0.136,58.136,1.11232,1.11232,MM,MetaQuotes Software Corp.,DEMO,MT5,ZMQ,60,EURUSD,1.999999999990898e-05,1.999999999990898e-05,1,0.0,200.0,200.0
12,2022-03-31 08:42:43.498000,2022-03-31 08:42:43.556000,2022-03-31 08:42:43.572512,58.0,16.512,74.512,1.1123,1.11233,MM,MetaQuotes Software Corp.,DEMO,MT5,ZMQ,60,EURUSD,1.0000000000065512e-05,-1.999999999990898e-05,0,0.0,200.0,200.0
13,2022-03-31 08:42:43.639000,2022-03-31 08:42:43.697000,2022-03-31 08:42:43.697511,58.0,0.511,58.511,1.11233,1.11233,MM,MetaQuotes Software Corp.,DEMO,MT5,ZMQ,60,EURUSD,0.0,2.999999999997449e-05,0,0.0,200.0,200.0
14,2022-03-31 08:42:43.733000,2022-03-31 08:42:43.791000,2022-03-31 08:42:43.791235,58.0,0.235,58.235,1.11232,1.11232,MM,MetaQuotes Software Corp.,DEMO,MT5,ZMQ,60,EURUSD,-1.0000000000065512e-05,-1.0000000000065512e-05,-1,0.0,200.0,200.0
15,2022-03-31 08:42:43.780000,2022-03-31 08:42:43.838000,2022-03-31 08:42:43.853735,58.0,15.735,73.735,1.11231,1.11231,MM,MetaQuotes Software Corp.,DEMO,MT5,ZMQ,60,EURUSD,-1.0000000000065512e-05,-1.0000000000065512e-05,-1,0.0,200.0,200.0
16,2022-03-31 08:42:45.248000,2022-03-31 08:42:45.306000,2022-03-31 08:42:45.306860,58.0,0.86,58.86,1.1123,1.11233,MM,MetaQuotes Software Corp.,DEMO,MT5,ZMQ,60,EURUSD,2.0000000000131024e-05,-9.999999999843467e-06,0,0.0,200.0,200.0
17,2022-03-31 08:42:45.358000,2022-03-31 08:42:45.416000,2022-03-31 08:42:45.416236,58.0,0.236,58.236,1.1123,1.1123,MM,MetaQuotes Software Corp.,DEMO,MT5,ZMQ,60,EURUSD,-2.999999999997449e-05,0.0,0,0.0,200.0,200.0
18,2022-03-31 08:42:45.811000,2022-03-31 08:42:45.869000,2022-03-31 08:42:45.869360,58.0,0.36,58.36,1.11231,1.11231,MM,MetaQuotes Software Corp.,DEMO,MT5,ZMQ,60,EURUSD,9.999999999843467e-06,9.999999999843467e-06,1,0.0,200.0,200.0
19,2022-03-31 08:42:46.045000,2022-03-31 08:42:46.103000,2022-03-31 08:42:46.103736,58.0,0.736,58.736,1.1123,1.1123,MM,MetaQuotes Software Corp.,DEMO,MT5,ZMQ,60,EURUSD,-9.999999999843467e-06,-9.999999999843467e-06,-1,0.0,200.0,200.0
20,2022-03-31 08:42:48.086000,2022-03-31 08:42:48.144000,2022-03-31 08:42:48.144567,58.0,0.567,58.567,1.11228,1.11228,MM,MetaQuotes Software Corp.,DEMO,MT5,ZMQ,60,EURUSD,-2.0000000000131024e-05,-2.0000000000131024e-05,-1,0.0,200.0,200.0
21,2022-03-31 08:42:51.935000,2022-03-31 08:42:51.935000,2022-03-31 08:42:58.482420,0.0,6547.42,6547.42,1.11217,1.11237,,XTB S.A.,,MT4,ZMQ,60,EURUSD,0.0,0.0,0,0.0002,200.0,200.0
22,2022-03-31 08:42:51.955000,2022-03-31 08:42:52.013000,2022-03-31 08:42:58.482420,58.0,6469.42,6527.42,1.11227,1.11227,MM,MetaQuotes Software Corp.,DEMO,MT5,ZMQ,60,EURUSD,-9.999999999843467e-06,-9.999999999843467e-06,-1,0.0,200.0,200.0
23,2022-03-31 08:42:52.982000,2022-03-31 08:42:52.982000,2022-03-31 08:42:58.497995,0.0,5515.995,5515.995,1.11216,1.11236,,XTB S.A.,,MT4,ZMQ,60,EURUSD,-1.0000000000065512e-05,-1.0000000000065512e-05,-1,0.0002,200.0,200.0
24,2022-03-31 08:42:53.065000,2022-03-31 08:42:53.123000,2022-03-31 08:42:58.513593,58.0,5390.593,5448.593,1.11226,1.11226,MM,MetaQuotes Software Corp.,DEMO,MT5,ZMQ,60,EURUSD,-1.0000000000065512e-05,-1.0000000000065512e-05,-1,0.0,200.0,200.0
25,2022-03-31 08:42:53.607000,2022-03-31 08:42:53.607000,2022-03-31 08:42:58.529218,0.0,4922.218,4922.218,1.11215,1.11235,,XTB S.A.,,MT4,ZMQ,60,EURUSD,-1.0000000000065512e-05,-1.0000000000065512e-05,-1,0.0002,200.0,200.0
26,2022-03-31 08:42:53.315000,2022-03-31 08:42:53.373000,2022-03-31 08:42:58.529218,58.0,5156.218,5214.218,1.11225,1.11225,MM,MetaQuotes Software Corp.,DEMO,MT5,ZMQ,60,EURUSD,-1.0000000000065512e-05,-1.0000000000065512e-05,-1,0.0,200.0,200.0
27,2022-03-31 08:42:54.498000,2022-03-31 08:42:54.498000,2022-03-31 08:42:58.544869,0.0,4046.869,4046.869,1.11214,1.11234,,XTB S.A.,,MT4,ZMQ,60,EURUSD,-9.999999999843467e-06,-1.0000000000065512e-05,-1,0.0002,200.0,200.0
28,2022-03-31 08:42:54.533000,2022-03-31 08:42:54.591000,2022-03-31 08:42:58.560493,58.0,3969.493,4027.493,1.11224,1.11224,MM,MetaQuotes Software Corp.,DEMO,MT5,ZMQ,60,EURUSD,-1.0000000000065512e-05,-1.0000000000065512e-05,-1,0.0,200.0,200.0
29,2022-03-31 08:42:56.263000,2022-03-31 08:42:56.263000,2022-03-31 08:42:58.560493,0.0,2297.493,2297.493,1.11216,1.11236,,XTB S.A.,,MT4,ZMQ,60,EURUSD,1.999999999990898e-05,2.0000000000131024e-05,1,0.0002,200.0,200.0
30,2022-03-31 08:42:54.674000,2022-03-31 08:42:54.732000,2022-03-31 08:42:58.576117,58.0,3844.117,3902.117,1.11223,1.11226,MM,MetaQuotes Software Corp.,DEMO,MT5,ZMQ,60,EURUSD,2.0000000000131024e-05,-9.999999999843467e-06,0,0.0,200.0,200.0
31,2022-03-31 08:42:58.482000,2022-03-31 08:42:58.482000,2022-03-31 08:42:58.591717,0.0,109.717,109.717,1.11213,1.11233,,XTB S.A.,,MT4,ZMQ,60,EURUSD,-2.999999999997449e-05,-2.999999999997449e-05,-1,0.0002,200.0,200.0
32,2022-03-31 08:42:54.830000,2022-03-31 08:42:54.888000,2022-03-31 08:42:58.591717,58.0,3703.717,3761.717,1.11224,1.11224,MM,MetaQuotes Software Corp.,DEMO,MT5,ZMQ,60,EURUSD,-2.0000000000131024e-05,9.999999999843467e-06,0,0.0,200.0,200.0
33,2022-03-31 08:42:55.689000,2022-03-31 08:42:55.747000,2022-03-31 08:42:58.607343,58.0,2860.343,2918.343,1.11225,1.11225,MM,MetaQuotes Software Corp.,DEMO,MT5,ZMQ,60,EURUSD,1.0000000000065512e-05,1.0000000000065512e-05,1,0.0,200.0,200.0
34,2022-03-31 08:42:56.299000,2022-03-31 08:42:56.357000,2022-03-31 08:42:58.622968,58.0,2265.968,2323.968,1.11226,1.11226,MM,MetaQuotes Software Corp.,DEMO,MT5,ZMQ,60,EURUSD,1.0000000000065512e-05,1.0000000000065512e-05,1,0.0,200.0,200.0
35,2022-03-31 08:42:56.408000,2022-03-31 08:42:56.466000,2022-03-31 08:42:58.622968,58.0,2156.968,2214.968,1.11225,1.11225,MM,MetaQuotes Software Corp.,DEMO,MT5,ZMQ,60,EURUSD,-1.0000000000065512e-05,-1.0000000000065512e-05,-1,0.0,200.0,200.0
36,2022-03-31 08:42:56.830000,2022-03-31 08:42:56.888000,2022-03-31 08:42:58.638619,58.0,1750.619,1808.619,1.11224,1.11224,MM,MetaQuotes Software Corp.,DEMO,MT5,ZMQ,60,EURUSD,-1.0000000000065512e-05,-1.0000000000065512e-05,-1,0.0,200.0,200.0
37,2022-03-31 08:42:58.518000,2022-03-31 08:42:58.576000,2022-03-31 08:42:58.654218,58.0,78.218,136.218,1.11222,1.11222,MM,MetaQuotes Software Corp.,DEMO,MT5,ZMQ,60,EURUSD,-1.999999999990898e-05,-1.999999999990898e-05,-1,0.0,200.0,200.0
38,2022-03-31 08:42:58.596000,2022-03-31 08:42:58.654000,2022-03-31 08:42:58.654218,58.0,0.218,58.218,1.11223,1.11223,MM,MetaQuotes Software Corp.,DEMO,MT5,ZMQ,60,EURUSD,1.0000000000065512e-05,1.0000000000065512e-05,1,0.0,200.0,200.0
39,2022-03-31 08:43:02.174000,2022-03-31 08:43:02.232000,2022-03-31 08:43:02.232375,58.0,0.375,58.375,1.11225,1.11225,MM,MetaQuotes Software Corp.,DEMO,MT5,ZMQ,60,EURUSD,1.999999999990898e-05,1.999999999990898e-05,1,0.0,200.0,200.0
40,2022-03-31 08:43:02.513000,2022-03-31 08:43:02.513000,2022-03-31 08:43:02.513624,0.0,0.624,0.624,1.11214,1.11234,,XTB S.A.,,MT4,ZMQ,60,EURUSD,1.0000000000065512e-05,9.999999999843467e-06,1,0.0002,200.0,200.0
41,2022-03-31 08:43:02.815000,2022-03-31 08:43:02.873000,2022-03-31 08:43:02.873000,58.0,0.0,58.0,1.11224,1.11224,MM,MetaQuotes Software Corp.,DEMO,MT5,ZMQ,60,EURUSD,-1.0000000000065512e-05,-1.0000000000065512e-05,-1,0.0,200.0,200.0
42,2022-03-31 08:43:03.064000,2022-03-31 08:43:03.122000,2022-03-31 08:43:03.122996,58.0,0.996,58.996,1.11225,1.11225,MM,MetaQuotes Software Corp.,DEMO,MT5,ZMQ,60,EURUSD,1.0000000000065512e-05,1.0000000000065512e-05,1,0.0,200.0,200.0
43,2022-03-31 08:43:03.701000,2022-03-31 08:43:03.701000,2022-03-31 08:43:03.701118,0.0,0.118,0.118,1.11215,1.11235,,XTB S.A.,,MT4,ZMQ,60,EURUSD,9.999999999843467e-06,1.0000000000065512e-05,1,0.0002,200.0,200.0
44,2022-03-31 08:43:03.841000,2022-03-31 08:43:03.841000,2022-03-31 08:43:03.841743,0.0,0.743,0.743,1.11214,1.11234,,XTB S.A.,,MT4,ZMQ,60,EURUSD,-9.999999999843467e-06,-1.0000000000065512e-05,-1,0.0002,200.0,200.0
45,2022-03-31 08:43:03.814000,2022-03-31 08:43:03.872000,2022-03-31 08:43:03.888592,58.0,16.592,74.592,1.11224,1.11224,MM,MetaQuotes Software Corp.,DEMO,MT5,ZMQ,60,EURUSD,-1.0000000000065512e-05,-1.0000000000065512e-05,-1,0.0,200.0,200.0
46,2022-03-31 08:43:04.049000,2022-03-31 08:43:04.107000,2022-03-31 08:43:04.107369,58.0,0.369,58.369,1.11225,1.11225,MM,MetaQuotes Software Corp.,DEMO,MT5,ZMQ,60,EURUSD,1.0000000000065512e-05,1.0000000000065512e-05,1,0.0,200.0,200.0
47,2022-03-31 08:43:04.408000,2022-03-31 08:43:04.466000,2022-03-31 08:43:04.466717,58.0,0.717,58.717,1.11227,1.11227,MM,MetaQuotes Software Corp.,DEMO,MT5,ZMQ,60,EURUSD,2.0000000000131024e-05,2.0000000000131024e-05,1,0.0,200.0,200.0
48,2022-03-31 08:43:04.576000,2022-03-31 08:43:04.576000,2022-03-31 08:43:04.576123,0.0,0.123,0.123,1.11217,1.11237,,XTB S.A.,,MT4,ZMQ,60,EURUSD,2.999999999997449e-05,3.0000000000196536e-05,1,0.0002,200.0,200.0
49,2022-03-31 08:43:04.701000,2022-03-31 08:43:04.701000,2022-03-31 08:43:04.701093,0.0,0.093,0.093,1.11214,1.11234,,XTB S.A.,,MT4,ZMQ,60,EURUSD,-2.999999999997449e-05,-3.0000000000196536e-05,-1,0.0002,200.0,200.0
50,2022-03-31 08:43:04.705000,2022-03-31 08:43:04.763000,2022-03-31 08:43:04.763618,58.0,0.618,58.618,1.11225,1.11225,MM,MetaQuotes Software Corp.,DEMO,MT5,ZMQ,60,EURUSD,-2.0000000000131024e-05,-2.0000000000131024e-05,-1,0.0,200.0,200.0
51,2022-03-31 08:43:05.138000,2022-03-31 08:43:05.138000,2022-03-31 08:43:05.138620,0.0,0.62,0.62,1.11215,1.11235,,XTB S.A.,,MT4,ZMQ,60,EURUSD,9.999999999843467e-06,1.0000000000065512e-05,1,0.0002,200.0,200.0
52,2022-03-31 08:43:05.143000,2022-03-31 08:43:05.201000,2022-03-31 08:43:05.201117,58.0,0.117,58.117,1.11226,1.11226,MM,MetaQuotes Software Corp.,DEMO,MT5,ZMQ,60,EURUSD,1.0000000000065512e-05,1.0000000000065512e-05,1,0.0,200.0,200.0
53,2022-03-31 08:43:05.252000,2022-03-31 08:43:05.310000,2022-03-31 08:43:05.310469,58.0,0.469,58.469,1.11224,1.11227,MM,MetaQuotes Software Corp.,DEMO,MT5,ZMQ,60,EURUSD,1.0000000000065512e-05,-2.0000000000131024e-05,0,0.0,200.0,200.0
54,2022-03-31 08:43:05.393000,2022-03-31 08:43:05.451000,2022-03-31 08:43:05.451119,58.0,0.119,58.119,1.11225,1.11225,MM,MetaQuotes Software Corp.,DEMO,MT5,ZMQ,60,EURUSD,-2.0000000000131024e-05,1.0000000000065512e-05,0,0.0,200.0,200.0
55,2022-03-31 08:43:05.763000,2022-03-31 08:43:05.763000,2022-03-31 08:43:05.763618,0.0,0.618,0.618,1.11214,1.11234,,XTB S.A.,,MT4,ZMQ,60,EURUSD,-9.999999999843467e-06,-1.0000000000065512e-05,-1,0.0002,200.0,200.0
56,2022-03-31 08:43:05.705000,2022-03-31 08:43:05.763000,2022-03-31 08:43:05.779218,58.0,16.218,74.218,1.11224,1.11224,MM,MetaQuotes Software Corp.,DEMO,MT5,ZMQ,60,EURUSD,-1.0000000000065512e-05,-1.0000000000065512e-05,-1,0.0,200.0,200.0
57,2022-03-31 08:43:06.018000,2022-03-31 08:43:06.076000,2022-03-31 08:43:06.076092,58.0,0.092,58.092,1.11223,1.11223,MM,MetaQuotes Software Corp.,DEMO,MT5,ZMQ,60,EURUSD,-9.999999999843467e-06,-9.999999999843467e-06,-1,0.0,200.0,200.0
58,2022-03-31 08:43:06.158000,2022-03-31 08:43:06.216000,2022-03-31 08:43:06.216749,58.0,0.749,58.749,1.11224,1.11224,MM,MetaQuotes Software Corp.,DEMO,MT5,ZMQ,60,EURUSD,9.999999999843467e-06,9.999999999843467e-06,1,0.0,200.0,200.0
59,2022-03-31 08:43:06.466000,2022-03-31 08:43:06.466000,2022-03-31 08:43:06.466719,0.0,0.719,0.719,1.11213,1.11233,,XTB S.A.,,MT4,ZMQ,60,EURUSD,-1.0000000000065512e-05,-9.999999999843467e-06,-1,0.0002,200.0,200.0
60,2022-03-31 08:43:06.502000,2022-03-31 08:43:06.560000,2022-03-31 08:43:06.576094,58.0,16.094,74.094,1.11223,1.11223,MM,MetaQuotes Software Corp.,DEMO,MT5,ZMQ,60,EURUSD,-9.999999999843467e-06,-9.999999999843467e-06,-1,0.0,200.0,200.0
61,2022-03-31 08:43:06.721000,2022-03-31 08:43:06.779000,2022-03-31 08:43:06.779250,58.0,0.25,58.25,1.11224,1.11224,MM,MetaQuotes Software Corp.,DEMO,MT5,ZMQ,60,EURUSD,9.999999999843467e-06,9.999999999843467e-06,1,0.0,200.0,200.0
62,2022-03-31 08:43:07.888000,2022-03-31 08:43:07.888000,2022-03-31 08:43:07.888595,0.0,0.595,0.595,1.11212,1.11232,,XTB S.A.,,MT4,ZMQ,60,EURUSD,-1.0000000000065512e-05,-1.0000000000065512e-05,-1,0.0002,200.0,200.0
63,2022-03-31 08:43:08.013000,2022-03-31 08:43:08.013000,2022-03-31 08:43:08.013594,0.0,0.594,0.594,1.11208,1.11228,,XTB S.A.,,MT4,ZMQ,60,EURUSD,-4.000000000004e-05,-4.000000000004e-05,-1,0.0002,200.0,200.0
64,2022-03-31 08:43:08.190000,2022-03-31 08:43:08.248000,2022-03-31 08:43:08.248002,58.0,0.002,58.002,1.1122,1.1122,MM,MetaQuotes Software Corp.,DEMO,MT5,ZMQ,60,EURUSD,-3.999999999981796e-05,-3.999999999981796e-05,-1,0.0,200.0,200.0
65,2022-03-31 08:43:08.252000,2022-03-31 08:43:08.310000,2022-03-31 08:43:08.310501,58.0,0.501,58.501,1.11218,1.11218,MM,MetaQuotes Software Corp.,DEMO,MT5,ZMQ,60,EURUSD,-2.0000000000131024e-05,-2.0000000000131024e-05,-1,0.0,200.0,200.0
66,2022-03-31 08:43:08.451000,2022-03-31 08:43:08.451000,2022-03-31 08:43:08.451102,0.0,0.102,0.102,1.11206,1.11226,,XTB S.A.,,MT4,ZMQ,60,EURUSD,-1.999999999990898e-05,-1.999999999990898e-05,-1,0.0002,200.0,200.0
67,2022-03-31 08:43:08.439000,2022-03-31 08:43:08.497000,2022-03-31 08:43:08.513593,58.0,16.593,74.593,1.11216,1.11216,MM,MetaQuotes Software Corp.,DEMO,MT5,ZMQ,60,EURUSD,-1.999999999990898e-05,-1.999999999990898e-05,-1,0.0,200.0,200.0
68,2022-03-31 08:43:08.576000,2022-03-31 08:43:08.576000,2022-03-31 08:43:08.576092,0.0,0.092,0.092,1.11201,1.11221,,XTB S.A.,,MT4,ZMQ,60,EURUSD,-5.000000000010552e-05,-5.000000000010552e-05,-1,0.0002,200.0,200.0
69,2022-03-31 08:43:08.779000,2022-03-31 08:43:08.779000,2022-03-31 08:43:08.779217,0.0,0.217,0.217,1.112,1.1122,,XTB S.A.,,MT4,ZMQ,60,EURUSD,-9.999999999843467e-06,-9.999999999843467e-06,-1,0.0002,200.0,200.0
70,2022-03-31 08:43:08.721000,2022-03-31 08:43:08.779000,2022-03-31 08:43:08.794851,58.0,15.851,73.851,1.11212,1.11212,MM,MetaQuotes Software Corp.,DEMO,MT5,ZMQ,60,EURUSD,-4.000000000004e-05,-4.000000000004e-05,-1,0.0,200.0,200.0
71,2022-03-31 08:43:08.752000,2022-03-31 08:43:08.810000,2022-03-31 08:43:08.826102,58.0,16.102,74.102,1.11211,1.11211,MM,MetaQuotes Software Corp.,DEMO,MT5,ZMQ,60,EURUSD,-1.0000000000065512e-05,-1.0000000000065512e-05,-1,0.0,200.0,200.0
72,2022-03-31 08:43:08.919000,2022-03-31 08:43:08.919000,2022-03-31 08:43:08.919843,0.0,0.843,0.843,1.11199,1.11219,,XTB S.A.,,MT4,ZMQ,60,EURUSD,-1.0000000000065512e-05,-1.0000000000065512e-05,-1,0.0002,200.0,200.0
73,2022-03-31 08:43:08.893000,2022-03-31 08:43:08.951000,2022-03-31 08:43:08.951103,58.0,0.103,58.103,1.1121,1.1121,MM,MetaQuotes Software Corp.,DEMO,MT5,ZMQ,60,EURUSD,-9.999999999843467e-06,-9.999999999843467e-06,-1,0.0,200.0,200.0
74,2022-03-31 08:43:09.044000,2022-03-31 08:43:09.044000,2022-03-31 08:43:09.044848,0.0,0.848,0.848,1.11202,1.11222,,XTB S.A.,,MT4,ZMQ,60,EURUSD,2.999999999997449e-05,2.999999999997449e-05,1,0.0002,200.0,200.0
75,2022-03-31 08:43:09.033000,2022-03-31 08:43:09.091000,2022-03-31 08:43:09.107343,58.0,16.343,74.343,1.11211,1.11211,MM,MetaQuotes Software Corp.,DEMO,MT5,ZMQ,60,EURUSD,9.999999999843467e-06,9.999999999843467e-06,1,0.0,200.0,200.0
76,2022-03-31 08:43:09.080000,2022-03-31 08:43:09.138000,2022-03-31 08:43:09.138595,58.0,0.595,58.595,1.11213,1.11213,MM,MetaQuotes Software Corp.,DEMO,MT5,ZMQ,60,EURUSD,2.0000000000131024e-05,2.0000000000131024e-05,1,0.0,200.0,200.0
77,2022-03-31 08:43:09.201000,2022-03-31 08:43:09.201000,2022-03-31 08:43:09.201092,0.0,0.092,0.092,1.11204,1.11224,,XTB S.A.,,MT4,ZMQ,60,EURUSD,1.999999999990898e-05,1.999999999990898e-05,1,0.0002,200.0,200.0
78,2022-03-31 08:43:09.283000,2022-03-31 08:43:09.341000,2022-03-31 08:43:09.341747,58.0,0.747,58.747,1.11214,1.11214,MM,MetaQuotes Software Corp.,DEMO,MT5,ZMQ,60,EURUSD,9.999999999843467e-06,9.999999999843467e-06,1,0.0,200.0,200.0
79,2022-03-31 08:43:09.560000,2022-03-31 08:43:09.560000,2022-03-31 08:43:09.560467,0.0,0.467,0.467,1.11202,1.11222,,XTB S.A.,,MT4,ZMQ,60,EURUSD,-1.999999999990898e-05,-1.999999999990898e-05,-1,0.0002,200.0,200.0
80,2022-03-31 08:43:09.564000,2022-03-31 08:43:09.622000,2022-03-31 08:43:09.622968,58.0,0.968,58.968,1.11211,1.11211,MM,MetaQuotes Software Corp.,DEMO,MT5,ZMQ,60,EURUSD,-2.999999999997449e-05,-2.999999999997449e-05,-1,0.0,200.0,200.0
81,2022-03-31 08:43:09.736000,2022-03-31 08:43:09.794000,2022-03-31 08:43:09.794844,58.0,0.844,58.844,1.11213,1.11213,MM,MetaQuotes Software Corp.,DEMO,MT5,ZMQ,60,EURUSD,2.0000000000131024e-05,2.0000000000131024e-05,1,0.0,200.0,200.0
82,2022-03-31 08:43:10.002000,2022-03-31 08:43:10.060000,2022-03-31 08:43:10.060494,58.0,0.494,58.494,1.11214,1.11214,MM,MetaQuotes Software Corp.,DEMO,MT5,ZMQ,60,EURUSD,9.999999999843467e-06,9.999999999843467e-06,1,0.0,200.0,200.0
83,2022-03-31 08:43:10.154000,2022-03-31 08:43:10.154000,2022-03-31 08:43:10.154242,0.0,0.242,0.242,1.11204,1.11224,,XTB S.A.,,MT4,ZMQ,60,EURUSD,1.999999999990898e-05,1.999999999990898e-05,1,0.0002,200.0,200.0
84,2022-03-31 08:43:10.638000,2022-03-31 08:43:10.638000,2022-03-31 08:43:10.638594,0.0,0.594,0.594,1.11203,1.11223,,XTB S.A.,,MT4,ZMQ,60,EURUSD,-9.999999999843467e-06,-9.999999999843467e-06,-1,0.0002,200.0,200.0
85,2022-03-31 08:43:14.013000,2022-03-31 08:43:14.013000,2022-03-31 08:43:14.013594,0.0,0.594,0.594,1.11204,1.11224,,XTB S.A.,,MT4,ZMQ,60,EURUSD,9.999999999843467e-06,9.999999999843467e-06,1,0.0002,200.0,200.0
86,2022-03-31 08:43:14.049000,2022-03-31 08:43:14.107000,2022-03-31 08:43:14.107341,58.0,0.341,58.341,1.11215,1.11215,MM,MetaQuotes Software Corp.,DEMO,MT5,ZMQ,60,EURUSD,1.0000000000065512e-05,1.0000000000065512e-05,1,0.0,200.0,200.0
87,2022-03-31 08:43:14.283000,2022-03-31 08:43:14.341000,2022-03-31 08:43:14.341744,58.0,0.744,58.744,1.11214,1.11214,MM,MetaQuotes Software Corp.,DEMO,MT5,ZMQ,60,EURUSD,-1.0000000000065512e-05,-1.0000000000065512e-05,-1,0.0,200.0,200.0
88,2022-03-31 08:43:16.372000,2022-03-31 08:43:16.372000,2022-03-31 08:43:16.372969,0.0,0.969,0.969,1.11203,1.11223,,XTB S.A.,,MT4,ZMQ,60,EURUSD,-9.999999999843467e-06,-9.999999999843467e-06,-1,0.0002,200.0,200.0
89,2022-03-31 08:43:16.763000,2022-03-31 08:43:16.763000,2022-03-31 08:43:16.763617,0.0,0.617,0.617,1.11204,1.11224,,XTB S.A.,,MT4,ZMQ,60,EURUSD,9.999999999843467e-06,9.999999999843467e-06,1,0.0002,200.0,200.0
90,2022-03-31 08:43:16.783000,2022-03-31 08:43:16.841000,2022-03-31 08:43:16.841718,58.0,0.718,58.718,1.11216,1.11216,MM,MetaQuotes Software Corp.,DEMO,MT5,ZMQ,60,EURUSD,2.0000000000131024e-05,2.0000000000131024e-05,1,0.0,200.0,200.0
91,2022-03-31 08:43:17.888000,2022-03-31 08:43:17.888000,2022-03-31 08:43:17.888593,0.0,0.593,0.593,1.11206,1.11226,,XTB S.A.,,MT4,ZMQ,60,EURUSD,2.0000000000131024e-05,2.0000000000131024e-05,1,0.0002,200.0,200.0
92,2022-03-31 08:43:17.861000,2022-03-31 08:43:17.919000,2022-03-31 08:43:17.919844,58.0,0.844,58.844,1.11217,1.11217,MM,MetaQuotes Software Corp.,DEMO,MT5,ZMQ,60,EURUSD,1.0000000000065512e-05,1.0000000000065512e-05,1,0.0,200.0,200.0
93,2022-03-31 08:43:18.732000,2022-03-31 08:43:18.732000,2022-03-31 08:43:18.732342,0.0,0.342,0.342,1.11204,1.11224,,XTB S.A.,,MT4,ZMQ,60,EURUSD,-2.0000000000131024e-05,-2.0000000000131024e-05,-1,0.0002,200.0,200.0
94,2022-03-31 08:43:18.814000,2022-03-31 08:43:18.872000,2022-03-31 08:43:18.872969,58.0,0.969,58.969,1.11212,1.11212,MM,MetaQuotes Software Corp.,DEMO,MT5,ZMQ,60,EURUSD,-5.000000000010552e-05,-5.000000000010552e-05,-1,0.0,200.0,200.0
95,2022-03-31 08:43:18.955000,2022-03-31 08:43:19.013000,2022-03-31 08:43:19.013593,58.0,0.593,58.593,1.11211,1.11211,MM,MetaQuotes Software Corp.,DEMO,MT5,ZMQ,60,EURUSD,-1.0000000000065512e-05,-1.0000000000065512e-05,-1,0.0,200.0,200.0
96,2022-03-31 08:43:19.451000,2022-03-31 08:43:19.451000,2022-03-31 08:43:19.451093,0.0,0.093,0.093,1.112,1.1122,,XTB S.A.,,MT4,ZMQ,60,EURUSD,-3.999999999981796e-05,-3.999999999981796e-05,-1,0.0002,200.0,200.0
97,2022-03-31 08:43:19.654000,2022-03-31 08:43:19.654000,2022-03-31 08:43:19.654224,0.0,0.224,0.224,1.11199,1.11219,,XTB S.A.,,MT4,ZMQ,60,EURUSD,-1.0000000000065512e-05,-1.0000000000065512e-05,-1,0.0002,200.0,200.0
98,2022-03-31 08:43:19.752000,2022-03-31 08:43:19.810000,2022-03-31 08:43:19.826095,58.0,16.095,74.095,1.11209,1.11209,MM,MetaQuotes Software Corp.,DEMO,MT5,ZMQ,60,EURUSD,-1.999999999990898e-05,-1.999999999990898e-05,-1,0.0,200.0,200.0
99,2022-03-31 08:43:19.783000,2022-03-31 08:43:19.841000,2022-03-31 08:43:19.841718,58.0,0.718,58.718,1.11208,1.11208,MM,MetaQuotes Software Corp.,DEMO,MT5,ZMQ,60,EURUSD,-1.0000000000065512e-05,-1.0000000000065512e-05,-1,0.0,200.0,200.0
100,2022-03-31 08:43:19.904000,2022-03-31 08:43:19.904000,2022-03-31 08:43:19.904219,0.0,0.219,0.219,1.11198,1.11218,,XTB S.A.,,MT4,ZMQ,60,EURUSD,-1.0000000000065512e-05,-1.0000000000065512e-05,-1,0.0002,200.0,200.0
101,2022-03-31 08:43:20.138000,2022-03-31 08:43:20.138000,2022-03-31 08:43:20.138594,0.0,0.594,0.594,1.11197,1.11217,,XTB S.A.,,MT4,ZMQ,60,EURUSD,-9.999999999843467e-06,-1.0000000000065512e-05,-1,0.0002,200.0,200.0
102,2022-03-31 08:43:20.096000,2022-03-31 08:43:20.154000,2022-03-31 08:43:20.154219,58.0,0.219,58.219,1.1121,1.1121,MM,MetaQuotes Software Corp.,DEMO,MT5,ZMQ,60,EURUSD,2.0000000000131024e-05,2.0000000000131024e-05,1,0.0,200.0,200.0
103,2022-03-31 08:43:20.189000,2022-03-31 08:43:20.247000,2022-03-31 08:43:20.247968,58.0,0.968,58.968,1.11211,1.11211,MM,MetaQuotes Software Corp.,DEMO,MT5,ZMQ,60,EURUSD,9.999999999843467e-06,9.999999999843467e-06,1,0.0,200.0,200.0
104,2022-03-31 08:43:20.372000,2022-03-31 08:43:20.372000,2022-03-31 08:43:20.372969,0.0,0.969,0.969,1.11201,1.11221,,XTB S.A.,,MT4,ZMQ,60,EURUSD,3.999999999981796e-05,4.000000000004e-05,1,0.0002,200.0,200.0
105,2022-03-31 08:43:20.877000,2022-03-31 08:43:20.935000,2022-03-31 08:43:20.935469,58.0,0.469,58.469,1.11212,1.11212,MM,MetaQuotes Software Corp.,DEMO,MT5,ZMQ,60,EURUSD,1.0000000000065512e-05,1.0000000000065512e-05,1,0.0,200.0,200.0
106,2022-03-31 08:43:21.838000,2022-03-31 08:43:21.838000,2022-03-31 08:43:21.840948,0.0,2.948,2.948,1.112,1.1122,,XTB S.A.,,MT4,ZMQ,60,EURUSD,-9.999999999843467e-06,-9.999999999843467e-06,-1,0.0002,200.0,200.0
107,2022-03-31 08:43:21.896000,2022-03-31 08:43:21.954000,2022-03-31 08:43:21.956948,58.0,2.948,60.948,1.11211,1.11211,MM,MetaQuotes Software Corp.,DEMO,MT5,ZMQ,60,EURUSD,-1.0000000000065512e-05,-1.0000000000065512e-05,-1,0.0,200.0,200.0
108,2022-03-31 08:43:22.624000,2022-03-31 08:43:22.624000,2022-03-31 08:43:22.626952,0.0,2.952,2.952,1.11201,1.11221,,XTB S.A.,,MT4,ZMQ,60,EURUSD,9.999999999843467e-06,9.999999999843467e-06,1,0.0002,200.0,200.0
109,2022-03-31 08:43:22.686000,2022-03-31 08:43:22.744000,2022-03-31 08:43:22.746950,58.0,2.95,60.95,1.1121,1.1121,MM,MetaQuotes Software Corp.,DEMO,MT5,ZMQ,60,EURUSD,-9.999999999843467e-06,-9.999999999843467e-06,-1,0.0,200.0,200.0
110,2022-03-31 08:43:22.860000,2022-03-31 08:43:22.860000,2022-03-31 08:43:22.862948,0.0,2.948,2.948,1.11196,1.11216,,XTB S.A.,,MT4,ZMQ,60,EURUSD,-4.999999999988347e-05,-4.999999999988347e-05,-1,0.0002,200.0,200.0
111,2022-03-31 08:43:22.881000,2022-03-31 08:43:22.939000,2022-03-31 08:43:22.941947,58.0,2.947,60.947,1.11208,1.11208,MM,MetaQuotes Software Corp.,DEMO,MT5,ZMQ,60,EURUSD,-2.0000000000131024e-05,-2.0000000000131024e-05,-1,0.0,200.0,200.0
112,2022-03-31 08:43:23.021000,2022-03-31 08:43:23.079000,2022-03-31 08:43:23.080948,58.0,1.948,59.948,1.11203,1.11203,MM,MetaQuotes Software Corp.,DEMO,MT5,ZMQ,60,EURUSD,-4.999999999988347e-05,-4.999999999988347e-05,-1,0.0,200.0,200.0
113,2022-03-31 08:43:23.186000,2022-03-31 08:43:23.244000,2022-03-31 08:43:23.246948,58.0,2.948,60.948,1.11199,1.11199,MM,MetaQuotes Software Corp.,DEMO,MT5,ZMQ,60,EURUSD,-4.000000000004e-05,-4.000000000004e-05,-1,0.0,200.0,200.0
114,2022-03-31 08:43:23.433000,2022-03-31 08:43:23.433000,2022-03-31 08:43:23.435948,0.0,2.948,2.948,1.11188,1.11208,,XTB S.A.,,MT4,ZMQ,60,EURUSD,-8.000000000008001e-05,-8.000000000008001e-05,-1,0.0002,200.0,200.0
115,2022-03-31 08:43:23.465000,2022-03-31 08:43:23.465000,2022-03-31 08:43:23.467947,0.0,2.947,2.947,1.11186,1.11206,,XTB S.A.,,MT4,ZMQ,60,EURUSD,-1.999999999990898e-05,-1.999999999990898e-05,-1,0.0002,200.0,200.0
116,2022-03-31 08:43:23.442000,2022-03-31 08:43:23.500000,2022-03-31 08:43:23.502950,58.0,2.95,60.95,1.11197,1.11197,MM,MetaQuotes Software Corp.,DEMO,MT5,ZMQ,60,EURUSD,-2.0000000000131024e-05,-2.0000000000131024e-05,-1,0.0,200.0,200.0
117,2022-03-31 08:43:23.606000,2022-03-31 08:43:23.606000,2022-03-31 08:43:23.608948,0.0,2.948,2.948,1.11185,1.11205,,XTB S.A.,,MT4,ZMQ,60,EURUSD,-1.0000000000065512e-05,-1.0000000000065512e-05,-1,0.0002,200.0,200.0
118,2022-03-31 08:43:23.557000,2022-03-31 08:43:23.615000,2022-03-31 08:43:23.620947,58.0,5.947,63.947,1.11196,1.11196,MM,MetaQuotes Software Corp.,DEMO,MT5,ZMQ,60,EURUSD,-9.999999999843467e-06,-9.999999999843467e-06,-1,0.0,200.0,200.0
119,2022-03-31 08:43:23.637000,2022-03-31 08:43:23.695000,2022-03-31 08:43:23.696947,58.0,1.947,59.947,1.11197,1.11197,MM,MetaQuotes Software Corp.,DEMO,MT5,ZMQ,60,EURUSD,9.999999999843467e-06,9.999999999843467e-06,1,0.0,200.0,200.0
120,2022-03-31 08:43:23.724000,2022-03-31 08:43:23.782000,2022-03-31 08:43:23.783950,58.0,1.95,59.95,1.11196,1.11196,MM,MetaQuotes Software Corp.,DEMO,MT5,ZMQ,60,EURUSD,-9.999999999843467e-06,-9.999999999843467e-06,-1,0.0,200.0,200.0
121,2022-03-31 08:43:23.805000,2022-03-31 08:43:23.863000,2022-03-31 08:43:23.865951,58.0,2.951,60.951,1.11197,1.11197,MM,MetaQuotes Software Corp.,DEMO,MT5,ZMQ,60,EURUSD,9.999999999843467e-06,9.999999999843467e-06,1,0.0,200.0,200.0
122,2022-03-31 08:43:23.874000,2022-03-31 08:43:23.874000,2022-03-31 08:43:23.877947,0.0,3.947,3.947,1.11186,1.11206,,XTB S.A.,,MT4,ZMQ,60,EURUSD,1.0000000000065512e-05,1.0000000000065512e-05,1,0.0002,200.0,200.0
123,2022-03-31 08:43:24.314000,2022-03-31 08:43:24.314000,2022-03-31 08:43:24.316948,0.0,2.948,2.948,1.11169,1.11189,,XTB S.A.,,MT4,ZMQ,60,EURUSD,-0.00017,-0.00017,-1,0.0002,200.0,200.0
124,2022-03-31 08:43:24.290000,2022-03-31 08:43:24.348000,2022-03-31 08:43:24.349956,58.0,1.956,59.956,1.11188,1.11188,MM,MetaQuotes Software Corp.,DEMO,MT5,ZMQ,60,EURUSD,-8.999999999992347e-05,-8.999999999992347e-05,-1,0.0,200.0,200.0
125,2022-03-31 08:43:24.739000,2022-03-31 08:43:24.797000,2022-03-31 08:43:24.798948,58.0,1.948,59.948,1.11181,1.11181,MM,MetaQuotes Software Corp.,DEMO,MT5,ZMQ,60,EURUSD,-7.00000000000145e-05,-7.00000000000145e-05,-1,0.0,200.0,200.0
126,2022-03-31 08:43:24.818000,2022-03-31 08:43:24.818000,2022-03-31 08:43:24.819948,0.0,1.948,1.948,1.11165,1.11185,,XTB S.A.,,MT4,ZMQ,60,EURUSD,-4.000000000004e-05,-4.000000000004e-05,-1,0.0002,200.0,200.0
127,2022-03-31 08:43:24.907000,2022-03-31 08:43:24.965000,2022-03-31 08:43:24.967947,58.0,2.947,60.947,1.11181,1.11181,MM,MetaQuotes Software Corp.,DEMO,MT5,ZMQ,60,EURUSD,0.0,0.0,0,0.0,200.0,200.0
128,2022-03-31 08:43:25.062000,2022-03-31 08:43:25.062000,2022-03-31 08:43:25.064948,0.0,2.948,2.948,1.11157,1.11177,,XTB S.A.,,MT4,ZMQ,60,EURUSD,-8.000000000008001e-05,-8.000000000008001e-05,-1,0.0002,200.0,200.0
129,2022-03-31 08:43:25.633000,2022-03-31 08:43:25.633000,2022-03-31 08:43:25.635948,0.0,2.948,2.948,1.11153,1.11173,,XTB S.A.,,MT4,ZMQ,60,EURUSD,-3.999999999981796e-05,-4.000000000004e-05,-1,0.0002,200.0,200.0
130,2022-03-31 08:43:25.883000,2022-03-31 08:43:25.883000,2022-03-31 08:43:25.885950,0.0,2.95,2.95,1.11154,1.11174,,XTB S.A.,,MT4,ZMQ,60,EURUSD,9.999999999843467e-06,1.0000000000065512e-05,1,0.0002,200.0,200.0
131,2022-03-31 08:43:26.084000,2022-03-31 08:43:26.084000,2022-03-31 08:43:26.086949,0.0,2.949,2.949,1.11162,1.11182,,XTB S.A.,,MT4,ZMQ,60,EURUSD,8.000000000008001e-05,8.000000000008001e-05,1,0.0002,200.0,200.0
132,2022-03-31 08:43:26.508000,2022-03-31 08:43:26.566000,2022-03-31 08:43:26.568983,58.0,2.983,60.983,1.11177,1.11177,MM,MetaQuotes Software Corp.,DEMO,MT5,ZMQ,60,EURUSD,-4.000000000004e-05,-4.000000000004e-05,-1,0.0,200.0,200.0
133,2022-03-31 08:43:26.625000,2022-03-31 08:43:26.683000,2022-03-31 08:43:26.684025,58.0,1.025,59.025,1.11168,1.11168,MM,MetaQuotes Software Corp.,DEMO,MT5,ZMQ,60,EURUSD,-8.999999999992347e-05,-8.999999999992347e-05,-1,0.0,200.0,200.0
134,2022-03-31 08:43:26.645000,2022-03-31 08:43:26.703000,2022-03-31 08:43:26.705023,58.0,2.023,60.023,1.11166,1.11166,MM,MetaQuotes Software Corp.,DEMO,MT5,ZMQ,60,EURUSD,-1.999999999990898e-05,-1.999999999990898e-05,-1,0.0,200.0,200.0
135,2022-03-31 08:43:26.648000,2022-03-31 08:43:26.706000,2022-03-31 08:43:26.716052,58.0,10.052,68.052,1.1117,1.11174,MM,MetaQuotes Software Corp.,DEMO,MT5,ZMQ,60,EURUSD,7.999999999985796e-05,3.999999999981796e-05,1,0.0,200.0,200.0
136,2022-03-31 08:43:26.671000,2022-03-31 08:43:26.729000,2022-03-31 08:43:26.731023,58.0,2.023,60.023,1.11171,1.11171,MM,MetaQuotes Software Corp.,DEMO,MT5,ZMQ,60,EURUSD,-2.999999999997449e-05,1.0000000000065512e-05,0,0.0,200.0,200.0
137,2022-03-31 08:43:26.700000,2022-03-31 08:43:26.758000,2022-03-31 08:43:26.759022,58.0,1.022,59.022,1.11171,1.11171,MM,MetaQuotes Software Corp.,DEMO,MT5,ZMQ,60,EURUSD,0.0,0.0,0,0.0,200.0,200.0
138,2022-03-31 08:43:26.835000,2022-03-31 08:43:26.835000,2022-03-31 08:43:26.837022,0.0,2.022,2.022,1.11158,1.11178,,XTB S.A.,,MT4,ZMQ,60,EURUSD,-4.000000000004e-05,-4.000000000004e-05,-1,0.0002,200.0,200.0
139,2022-03-31 08:43:26.884000,2022-03-31 08:43:26.942000,2022-03-31 08:43:26.944022,58.0,2.022,60.022,1.11167,1.11171,MM,MetaQuotes Software Corp.,DEMO,MT5,ZMQ,60,EURUSD,0.0,-4.000000000004e-05,0,0.0,200.0,200.0
140,2022-03-31 08:43:27.855000,2022-03-31 08:43:27.855000,2022-03-31 08:43:27.857133,0.0,2.133,2.133,1.11157,1.11177,,XTB S.A.,,MT4,ZMQ,60,EURUSD,-1.0000000000065512e-05,-1.0000000000065512e-05,-1,0.0002,200.0,200.0
141,2022-03-31 08:43:27.957000,2022-03-31 08:43:28.015000,2022-03-31 08:43:28.016132,58.0,1.132,59.132,1.11166,1.1117,MM,MetaQuotes Software Corp.,DEMO,MT5,ZMQ,60,EURUSD,-1.0000000000065512e-05,-9.999999999843467e-06,-1,0.0,200.0,200.0
142,2022-03-31 08:43:28.025000,2022-03-31 08:43:28.083000,2022-03-31 08:43:28.085132,58.0,2.132,60.132,1.11169,1.11169,MM,MetaQuotes Software Corp.,DEMO,MT5,ZMQ,60,EURUSD,-9.999999999843467e-06,2.999999999997449e-05,0,0.0,200.0,200.0
143,2022-03-31 08:43:28.163000,2022-03-31 08:43:28.221000,2022-03-31 08:43:28.223133,58.0,2.133,60.133,1.11168,1.11168,MM,MetaQuotes Software Corp.,DEMO,MT5,ZMQ,60,EURUSD,-1.0000000000065512e-05,-1.0000000000065512e-05,-1,0.0,200.0,200.0
144,2022-03-31 08:43:28.271000,2022-03-31 08:43:28.329000,2022-03-31 08:43:28.331133,58.0,2.133,60.133,1.11167,1.11167,MM,MetaQuotes Software Corp.,DEMO,MT5,ZMQ,60,EURUSD,-1.0000000000065512e-05,-1.0000000000065512e-05,-1,0.0,200.0,200.0
145,2022-03-31 08:43:28.409000,2022-03-31 08:43:28.409000,2022-03-31 08:43:28.411132,0.0,2.132,2.132,1.11158,1.11178,,XTB S.A.,,MT4,ZMQ,60,EURUSD,1.0000000000065512e-05,1.0000000000065512e-05,1,0.0002,200.0,200.0
146,2022-03-31 08:43:28.477000,2022-03-31 08:43:28.535000,2022-03-31 08:43:28.537133,58.0,2.133,60.133,1.11168,1.11168,MM,MetaQuotes Software Corp.,DEMO,MT5,ZMQ,60,EURUSD,1.0000000000065512e-05,1.0000000000065512e-05,1,0.0,200.0,200.0
147,2022-03-31 08:43:29.482000,2022-03-31 08:43:29.540000,2022-03-31 08:43:29.540691,58.0,0.691,58.691,1.11169,1.11169,MM,MetaQuotes Software Corp.,DEMO,MT5,ZMQ,60,EURUSD,1.0000000000065512e-05,1.0000000000065512e-05,1,0.0,200.0,200.0
148,2022-03-31 08:43:29.681000,2022-03-31 08:43:29.681000,2022-03-31 08:43:29.681342,0.0,0.342,0.342,1.11159,1.11179,,XTB S.A.,,MT4,ZMQ,60,EURUSD,1.0000000000065512e-05,1.0000000000065512e-05,1,0.0002,200.0,200.0
149,2022-03-31 08:43:29.685000,2022-03-31 08:43:29.743000,2022-03-31 08:43:29.743842,58.0,0.842,58.842,1.11174,1.11174,MM,MetaQuotes Software Corp.,DEMO,MT5,ZMQ,60,EURUSD,4.999999999988347e-05,4.999999999988347e-05,1,0.0,200.0,200.0
150,2022-03-31 08:43:29.920000,2022-03-31 08:43:29.978000,2022-03-31 08:43:29.978472,58.0,0.472,58.472,1.11173,1.11173,MM,MetaQuotes Software Corp.,DEMO,MT5,ZMQ,60,EURUSD,-9.999999999843467e-06,-9.999999999843467e-06,-1,0.0,200.0,200.0
151,2022-03-31 08:43:30.181000,2022-03-31 08:43:30.181000,2022-03-31 08:43:30.181624,0.0,0.624,0.624,1.11164,1.11184,,XTB S.A.,,MT4,ZMQ,60,EURUSD,4.999999999988347e-05,4.999999999988347e-05,1,0.0002,200.0,200.0
152,2022-03-31 08:43:30.264000,2022-03-31 08:43:30.322000,2022-03-31 08:43:30.322248,58.0,0.248,58.248,1.11177,1.11177,MM,MetaQuotes Software Corp.,DEMO,MT5,ZMQ,60,EURUSD,3.999999999981796e-05,3.999999999981796e-05,1,0.0,200.0,200.0
153,2022-03-31 08:43:30.279000,2022-03-31 08:43:30.337000,2022-03-31 08:43:30.337849,58.0,0.849,58.849,1.11176,1.11176,MM,MetaQuotes Software Corp.,DEMO,MT5,ZMQ,60,EURUSD,-9.999999999843467e-06,-9.999999999843467e-06,-1,0.0,200.0,200.0
154,2022-03-31 08:43:30.447000,2022-03-31 08:43:30.447000,2022-03-31 08:43:30.447222,0.0,0.222,0.222,1.11165,1.11185,,XTB S.A.,,MT4,ZMQ,60,EURUSD,1.0000000000065512e-05,1.0000000000065512e-05,1,0.0002,200.0,200.0
155,2022-03-31 08:43:30.545000,2022-03-31 08:43:30.603000,2022-03-31 08:43:30.603472,58.0,0.472,58.472,1.11175,1.11175,MM,MetaQuotes Software Corp.,DEMO,MT5,ZMQ,60,EURUSD,-1.0000000000065512e-05,-1.0000000000065512e-05,-1,0.0,200.0,200.0
156,2022-03-31 08:43:30.576000,2022-03-31 08:43:30.634000,2022-03-31 08:43:30.634723,58.0,0.723,58.723,1.11176,1.11176,MM,MetaQuotes Software Corp.,DEMO,MT5,ZMQ,60,EURUSD,1.0000000000065512e-05,1.0000000000065512e-05,1,0.0,200.0,200.0
157,2022-03-31 08:43:30.665000,2022-03-31 08:43:30.665000,2022-03-31 08:43:30.665972,0.0,0.972,0.972,1.11164,1.11184,,XTB S.A.,,MT4,ZMQ,60,EURUSD,-1.0000000000065512e-05,-1.0000000000065512e-05,-1,0.0002,200.0,200.0
158,2022-03-31 08:43:30.736000,2022-03-31 08:43:30.794000,2022-03-31 08:43:30.796481,58.0,2.481,60.481,1.11174,1.11174,MM,MetaQuotes Software Corp.,DEMO,MT5,ZMQ,60,EURUSD,-2.0000000000131024e-05,-2.0000000000131024e-05,-1,0.0,200.0,200.0
159,2022-03-31 08:43:31.177000,2022-03-31 08:43:31.235000,2022-03-31 08:43:31.236482,58.0,1.482,59.482,1.11175,1.11175,MM,MetaQuotes Software Corp.,DEMO,MT5,ZMQ,60,EURUSD,1.0000000000065512e-05,1.0000000000065512e-05,1,0.0,200.0,200.0
160,2022-03-31 08:43:31.449000,2022-03-31 08:43:31.449000,2022-03-31 08:43:31.450457,0.0,1.457,1.457,1.11162,1.11182,,XTB S.A.,,MT4,ZMQ,60,EURUSD,-1.999999999990898e-05,-1.999999999990898e-05,-1,0.0002,200.0,200.0
161,2022-03-31 08:43:31.481000,2022-03-31 08:43:31.539000,2022-03-31 08:43:31.541456,58.0,2.456,60.456,1.11172,1.11172,MM,MetaQuotes Software Corp.,DEMO,MT5,ZMQ,60,EURUSD,-2.999999999997449e-05,-2.999999999997449e-05,-1,0.0,200.0,200.0
162,2022-03-31 08:43:31.542000,2022-03-31 08:43:31.600000,2022-03-31 08:43:31.602455,58.0,2.455,60.455,1.1117,1.1117,MM,MetaQuotes Software Corp.,DEMO,MT5,ZMQ,60,EURUSD,-2.0000000000131024e-05,-2.0000000000131024e-05,-1,0.0,200.0,200.0
163,2022-03-31 08:43:31.857000,2022-03-31 08:43:31.915000,2022-03-31 08:43:31.917457,58.0,2.457,60.457,1.11169,1.11169,MM,MetaQuotes Software Corp.,DEMO,MT5,ZMQ,60,EURUSD,-9.999999999843467e-06,-9.999999999843467e-06,-1,0.0,200.0,200.0
164,2022-03-31 08:43:32.200000,2022-03-31 08:43:32.258000,2022-03-31 08:43:32.260456,58.0,2.456,60.456,1.1117,1.1117,MM,MetaQuotes Software Corp.,DEMO,MT5,ZMQ,60,EURUSD,9.999999999843467e-06,9.999999999843467e-06,1,0.0,200.0,200.0
165,2022-03-31 08:43:32.317000,2022-03-31 08:43:32.375000,2022-03-31 08:43:32.377455,58.0,2.455,60.455,1.11169,1.11169,MM,MetaQuotes Software Corp.,DEMO,MT5,ZMQ,60,EURUSD,-9.999999999843467e-06,-9.999999999843467e-06,-1,0.0,200.0,200.0
166,2022-03-31 08:43:32.508000,2022-03-31 08:43:32.508000,2022-03-31 08:43:32.510483,0.0,2.483,2.483,1.11158,1.11178,,XTB S.A.,,MT4,ZMQ,60,EURUSD,-4.000000000004e-05,-4.000000000004e-05,-1,0.0002,200.0,200.0
167,2022-03-31 08:43:32.890000,2022-03-31 08:43:32.907000,2022-03-31 08:43:40.590686,17.0,7683.686,7700.686,1.11166,1.1117,,FxPro,,CTRADER,ZMQ,60,EURUSD,0.0,0.0,0,3.9999999999818e-05,200.0,200.0
168,2022-03-31 08:43:34.313000,2022-03-31 08:43:34.313000,2022-03-31 08:43:40.600685,0.0,6287.685,6287.685,1.11159,1.11179,,XTB S.A.,,MT4,ZMQ,60,EURUSD,1.0000000000065512e-05,1.0000000000065512e-05,1,0.0002,200.0,200.0
169,2022-03-31 08:43:35.132000,2022-03-31 08:43:35.190000,2022-03-31 08:43:40.612685,58.0,5422.685,5480.685,1.1117,1.1117,MM,MetaQuotes Software Corp.,DEMO,MT5,ZMQ,60,EURUSD,9.999999999843467e-06,9.999999999843467e-06,1,0.0,200.0,200.0
170,2022-03-31 08:43:33.515000,2022-03-31 08:43:33.532000,2022-03-31 08:43:40.622689,17.0,7090.689,7107.689,1.11166,1.11171,,FxPro,,CTRADER,ZMQ,60,EURUSD,1.0000000000065512e-05,0.0,0,3.9999999999818e-05,200.0,200.0
171,2022-03-31 08:43:35.967000,2022-03-31 08:43:35.967000,2022-03-31 08:43:40.633685,0.0,4666.685,4666.685,1.11158,1.11178,,XTB S.A.,,MT4,ZMQ,60,EURUSD,-1.0000000000065512e-05,-1.0000000000065512e-05,-1,0.0002,200.0,200.0
172,2022-03-31 08:43:35.965000,2022-03-31 08:43:36.023000,2022-03-31 08:43:40.644686,58.0,4621.686,4679.686,1.11169,1.11169,MM,MetaQuotes Software Corp.,DEMO,MT5,ZMQ,60,EURUSD,-9.999999999843467e-06,-9.999999999843467e-06,-1,0.0,200.0,200.0
173,2022-03-31 08:43:33.890000,2022-03-31 08:43:33.907000,2022-03-31 08:43:40.655684,17.0,6748.684,6765.684,1.11166,1.11171,,FxPro,,CTRADER,ZMQ,60,EURUSD,0.0,0.0,0,3.9999999999818e-05,200.0,200.0
174,2022-03-31 08:43:37.384000,2022-03-31 08:43:37.384000,2022-03-31 08:43:40.666684,0.0,3282.684,3282.684,1.11159,1.11179,,XTB S.A.,,MT4,ZMQ,60,EURUSD,1.0000000000065512e-05,1.0000000000065512e-05,1,0.0002,200.0,200.0
175,2022-03-31 08:43:36.102000,2022-03-31 08:43:36.160000,2022-03-31 08:43:40.676684,58.0,4516.684,4574.684,1.11168,1.11168,MM,MetaQuotes Software Corp.,DEMO,MT5,ZMQ,60,EURUSD,-1.0000000000065512e-05,-1.0000000000065512e-05,-1,0.0,200.0,200.0
176,2022-03-31 08:43:34.280000,2022-03-31 08:43:34.297000,2022-03-31 08:43:40.687686,17.0,6390.686,6407.686,1.11167,1.11172,,FxPro,,CTRADER,ZMQ,60,EURUSD,1.0000000000065512e-05,9.999999999843467e-06,1,3.9999999999818e-05,200.0,200.0
177,2022-03-31 08:43:37.632000,2022-03-31 08:43:37.632000,2022-03-31 08:43:40.698685,0.0,3066.685,3066.685,1.1116,1.1118,,XTB S.A.,,MT4,ZMQ,60,EURUSD,9.999999999843467e-06,9.999999999843467e-06,1,0.0002,200.0,200.0
178,2022-03-31 08:43:36.266000,2022-03-31 08:43:36.324000,2022-03-31 08:43:40.709685,58.0,4385.685,4443.685,1.11167,1.11167,MM,MetaQuotes Software Corp.,DEMO,MT5,ZMQ,60,EURUSD,-1.0000000000065512e-05,-1.0000000000065512e-05,-1,0.0,200.0,200.0
179,2022-03-31 08:43:34.905000,2022-03-31 08:43:34.922000,2022-03-31 08:43:40.719684,17.0,5797.684,5814.684,1.11167,1.11172,,FxPro,,CTRADER,ZMQ,60,EURUSD,0.0,0.0,0,3.9999999999818e-05,200.0,200.0
180,2022-03-31 08:43:37.802000,2022-03-31 08:43:37.802000,2022-03-31 08:43:40.730684,0.0,2928.684,2928.684,1.11163,1.11183,,XTB S.A.,,MT4,ZMQ,60,EURUSD,3.0000000000196536e-05,2.999999999997449e-05,1,0.0002,200.0,200.0
181,2022-03-31 08:43:36.628000,2022-03-31 08:43:36.686000,2022-03-31 08:43:40.740684,58.0,4054.684,4112.684,1.1117,1.1117,MM,MetaQuotes Software Corp.,DEMO,MT5,ZMQ,60,EURUSD,2.999999999997449e-05,2.999999999997449e-05,1,0.0,200.0,200.0
182,2022-03-31 08:43:35.390000,2022-03-31 08:43:35.407000,2022-03-31 08:43:40.751711,17.0,5344.711,5361.711,1.11167,1.1117,,FxPro,,CTRADER,ZMQ,60,EURUSD,-2.0000000000131024e-05,0.0,0,3.9999999999818e-05,200.0,200.0
183,2022-03-31 08:43:40.320000,2022-03-31 08:43:40.320000,2022-03-31 08:43:40.762686,0.0,442.686,442.686,1.1116,1.1118,,XTB S.A.,,MT4,ZMQ,60,EURUSD,-3.0000000000196536e-05,-2.999999999997449e-05,-1,0.0002,200.0,200.0
184,2022-03-31 08:43:36.736000,2022-03-31 08:43:36.794000,2022-03-31 08:43:40.772684,58.0,3978.684,4036.684,1.11169,1.11169,MM,MetaQuotes Software Corp.,DEMO,MT5,ZMQ,60,EURUSD,-9.999999999843467e-06,-9.999999999843467e-06,-1,0.0,200.0,200.0
185,2022-03-31 08:43:35.921000,2022-03-31 08:43:35.938000,2022-03-31 08:43:40.783712,17.0,4845.712,4862.712,1.11167,1.1117,,FxPro,,CTRADER,ZMQ,60,EURUSD,0.0,0.0,0,3.9999999999818e-05,200.0,200.0
186,2022-03-31 08:43:40.537000,2022-03-31 08:43:40.537000,2022-03-31 08:43:40.794686,0.0,257.686,257.686,1.11146,1.11166,,XTB S.A.,,MT4,ZMQ,60,EURUSD,-0.0001399999999998,-0.00014,-1,0.0002,200.0,200.0
187,2022-03-31 08:43:37.680000,2022-03-31 08:43:37.738000,2022-03-31 08:43:40.805712,58.0,3067.712,3125.712,1.11173,1.11173,MM,MetaQuotes Software Corp.,DEMO,MT5,ZMQ,60,EURUSD,4.000000000004e-05,4.000000000004e-05,1,0.0,200.0,200.0
188,2022-03-31 08:43:35.937000,2022-03-31 08:43:35.954000,2022-03-31 08:43:40.816713,17.0,4862.713,4879.713,1.11166,1.11169,,FxPro,,CTRADER,ZMQ,60,EURUSD,-9.999999999843467e-06,-9.999999999843467e-06,-1,3.9999999999818e-05,200.0,200.0
189,2022-03-31 08:43:38.150000,2022-03-31 08:43:38.208000,2022-03-31 08:43:40.826711,58.0,2618.711,2676.711,1.11175,1.11175,MM,MetaQuotes Software Corp.,DEMO,MT5,ZMQ,60,EURUSD,1.999999999990898e-05,1.999999999990898e-05,1,0.0,200.0,200.0
190,2022-03-31 08:43:36.109000,2022-03-31 08:43:36.126000,2022-03-31 08:43:40.838686,17.0,4712.686,4729.686,1.11164,1.11167,,FxPro,,CTRADER,ZMQ,60,EURUSD,-2.0000000000131024e-05,-2.0000000000131024e-05,-1,3.9999999999818e-05,200.0,200.0
191,2022-03-31 08:43:39.177000,2022-03-31 08:43:39.235000,2022-03-31 08:43:40.848712,58.0,1613.712,1671.712,1.11174,1.11174,MM,MetaQuotes Software Corp.,DEMO,MT5,ZMQ,60,EURUSD,-1.0000000000065512e-05,-1.0000000000065512e-05,-1,0.0,200.0,200.0
192,2022-03-31 08:43:36.499000,2022-03-31 08:43:36.516000,2022-03-31 08:43:40.859712,17.0,4343.712,4360.712,1.11167,1.1117,,FxPro,,CTRADER,ZMQ,60,EURUSD,2.999999999997449e-05,2.999999999997449e-05,1,3.9999999999818e-05,200.0,200.0
193,2022-03-31 08:43:36.655000,2022-03-31 08:43:36.672000,2022-03-31 08:43:40.871711,17.0,4199.711,4216.711,1.11167,1.11171,,FxPro,,CTRADER,ZMQ,60,EURUSD,1.0000000000065512e-05,0.0,0,3.9999999999818e-05,200.0,200.0
194,2022-03-31 08:43:36.812000,2022-03-31 08:43:36.829000,2022-03-31 08:43:40.881712,17.0,4052.712,4069.712,1.11166,1.11171,,FxPro,,CTRADER,ZMQ,60,EURUSD,0.0,-9.999999999843467e-06,0,3.9999999999818e-05,200.0,200.0
195,2022-03-31 08:43:36.937000,2022-03-31 08:43:36.954000,2022-03-31 08:43:40.892711,17.0,3938.711,3955.711,1.11166,1.11171,,FxPro,,CTRADER,ZMQ,60,EURUSD,0.0,0.0,0,3.9999999999818e-05,200.0,200.0
196,2022-03-31 08:43:37.312000,2022-03-31 08:43:37.329000,2022-03-31 08:43:40.902711,17.0,3573.711,3590.711,1.11167,1.1117,,FxPro,,CTRADER,ZMQ,60,EURUSD,-1.0000000000065512e-05,9.999999999843467e-06,0,3.9999999999818e-05,200.0,200.0
197,2022-03-31 08:43:37.687000,2022-03-31 08:43:37.704000,2022-03-31 08:43:40.912711,17.0,3208.711,3225.711,1.1117,1.11173,,FxPro,,CTRADER,ZMQ,60,EURUSD,3.0000000000196536e-05,2.999999999997449e-05,1,3.9999999999818e-05,200.0,200.0
198,2022-03-31 08:43:37.937000,2022-03-31 08:43:37.954000,2022-03-31 08:43:40.923686,17.0,2969.686,2986.686,1.1117,1.11173,,FxPro,,CTRADER,ZMQ,60,EURUSD,0.0,0.0,0,3.9999999999818e-05,200.0,200.0
199,2022-03-31 08:43:37.952000,2022-03-31 08:43:37.969000,2022-03-31 08:43:40.934714,17.0,2965.714,2982.714,1.11171,1.11174,,FxPro,,CTRADER,ZMQ,60,EURUSD,9.999999999843467e-06,1.0000000000065512e-05,1,3.9999999999818e-05,200.0,200.0
200,2022-03-31 08:43:38.140000,2022-03-31 08:43:38.157000,2022-03-31 08:43:40.950686,17.0,2793.686,2810.686,1.11172,1.11175,,FxPro,,CTRADER,ZMQ,60,EURUSD,1.0000000000065512e-05,1.0000000000065512e-05,1,3.9999999999818e-05,200.0,200.0
201,2022-03-31 08:43:38.952000,2022-03-31 08:43:38.969000,2022-03-31 08:43:40.961686,17.0,1992.686,2009.686,1.11172,1.11175,,FxPro,,CTRADER,ZMQ,60,EURUSD,0.0,0.0,0,3.9999999999818e-05,200.0,200.0
202,2022-03-31 08:43:39.140000,2022-03-31 08:43:39.157000,2022-03-31 08:43:40.972685,17.0,1815.685,1832.685,1.11171,1.11174,,FxPro,,CTRADER,ZMQ,60,EURUSD,-1.0000000000065512e-05,-1.0000000000065512e-05,-1,3.9999999999818e-05,200.0,200.0
203,2022-03-31 08:43:39.296000,2022-03-31 08:43:39.313000,2022-03-31 08:43:40.983686,17.0,1670.686,1687.686,1.11171,1.11175,,FxPro,,CTRADER,ZMQ,60,EURUSD,1.0000000000065512e-05,0.0,0,3.9999999999818e-05,200.0,200.0
204,2022-03-31 08:43:39.968000,2022-03-31 08:43:39.985000,2022-03-31 08:43:40.994686,17.0,1009.686,1026.686,1.11171,1.11175,,FxPro,,CTRADER,ZMQ,60,EURUSD,0.0,0.0,0,3.9999999999818e-05,200.0,200.0
205,2022-03-31 08:43:39.984100,2022-03-31 08:43:40.001100,2022-03-31 08:43:41.005686,17.0,1004.586,1021.586,1.11171,1.11174,,FxPro,,CTRADER,ZMQ,60,EURUSD,-1.0000000000065512e-05,0.0,0,3.9999999999818e-05,200.0,200.0
206,2022-03-31 08:43:40.374000,2022-03-31 08:43:40.391000,2022-03-31 08:43:41.017685,17.0,626.685,643.685,1.11158,1.11162,,FxPro,,CTRADER,ZMQ,60,EURUSD,-0.0001199999999998,-0.0001299999999999,-1,3.9999999999818e-05,200.0,200.0
207,2022-03-31 08:43:40.562000,2022-03-31 08:43:40.579000,2022-03-31 08:43:41.028686,17.0,449.686,466.686,1.11154,1.11157,,FxPro,,CTRADER,ZMQ,60,EURUSD,-5.000000000010552e-05,-4.000000000004e-05,-1,3.9999999999818e-05,200.0,200.0
208,2022-03-31 08:43:40.984100,2022-03-31 08:43:41.001100,2022-03-31 08:43:41.039686,17.0,38.586,55.586,1.11154,1.11157,,FxPro,,CTRADER,ZMQ,60,EURUSD,0.0,0.0,0,3.9999999999818e-05,200.0,200.0
209,2022-03-31 08:43:40.930000,2022-03-31 08:43:40.930000,2022-03-31 08:43:41.051685,0.0,121.685,121.685,1.11147,1.11167,,XTB S.A.,,MT4,ZMQ,60,EURUSD,9.999999999843467e-06,1.0000000000065512e-05,1,0.0002,200.0,200.0
210,2022-03-31 08:43:41.082000,2022-03-31 08:43:41.140000,2022-03-31 08:43:41.142686,58.0,2.686,60.686,1.11161,1.11161,MM,MetaQuotes Software Corp.,DEMO,MT5,ZMQ,60,EURUSD,-0.0001299999999999,-0.0001299999999999,-1,0.0,200.0,200.0
211,2022-03-31 08:43:41.087000,2022-03-31 08:43:41.145000,2022-03-31 08:43:41.154685,58.0,9.685,67.685,1.11157,1.11157,MM,MetaQuotes Software Corp.,DEMO,MT5,ZMQ,60,EURUSD,-4.000000000004e-05,-4.000000000004e-05,-1,0.0,200.0,200.0
212,2022-03-31 08:43:41.112000,2022-03-31 08:43:41.170000,2022-03-31 08:43:41.172686,58.0,2.686,60.686,1.11158,1.11158,MM,MetaQuotes Software Corp.,DEMO,MT5,ZMQ,60,EURUSD,1.0000000000065512e-05,1.0000000000065512e-05,1,0.0,200.0,200.0
213,2022-03-31 08:43:41.122000,2022-03-31 08:43:41.180000,2022-03-31 08:43:41.184686,58.0,4.686,62.686,1.11157,1.11157,MM,MetaQuotes Software Corp.,DEMO,MT5,ZMQ,60,EURUSD,-1.0000000000065512e-05,-1.0000000000065512e-05,-1,0.0,200.0,200.0
214,2022-03-31 08:43:41.234000,2022-03-31 08:43:41.251000,2022-03-31 08:43:41.258711,17.0,7.711,24.711,1.11156,1.1116,,FxPro,,CTRADER,ZMQ,60,EURUSD,2.999999999997449e-05,2.0000000000131024e-05,1,3.9999999999818e-05,200.0,200.0
215,2022-03-31 08:43:41.305000,2022-03-31 08:43:41.305000,2022-03-31 08:43:41.307685,0.0,2.685,2.685,1.11148,1.11168,,XTB S.A.,,MT4,ZMQ,60,EURUSD,1.0000000000065512e-05,1.0000000000065512e-05,1,0.0002,200.0,200.0
216,2022-03-31 08:43:41.390000,2022-03-31 08:43:41.407000,2022-03-31 08:43:41.407711,17.0,0.711,17.711,1.1116,1.11165,,FxPro,,CTRADER,ZMQ,60,EURUSD,5.000000000010552e-05,3.999999999981796e-05,1,3.9999999999818e-05,200.0,200.0
217,2022-03-31 08:43:41.443000,2022-03-31 08:43:41.501000,2022-03-31 08:43:41.503686,58.0,2.686,60.686,1.11162,1.11162,MM,MetaQuotes Software Corp.,DEMO,MT5,ZMQ,60,EURUSD,5.000000000010552e-05,5.000000000010552e-05,1,0.0,200.0,200.0
218,2022-03-31 08:43:41.518000,2022-03-31 08:43:41.576000,2022-03-31 08:43:41.578686,58.0,2.686,60.686,1.1116,1.1116,MM,MetaQuotes Software Corp.,DEMO,MT5,ZMQ,60,EURUSD,-2.0000000000131024e-05,-2.0000000000131024e-05,-1,0.0,200.0,200.0
219,2022-03-31 08:43:41.562000,2022-03-31 08:43:41.579000,2022-03-31 08:43:41.589686,17.0,10.686,27.686,1.11159,1.11163,,FxPro,,CTRADER,ZMQ,60,EURUSD,-2.0000000000131024e-05,-9.999999999843467e-06,-1,3.9999999999818e-05,200.0,200.0
220,2022-03-31 08:43:41.718000,2022-03-31 08:43:41.735000,2022-03-31 08:43:41.735713,17.0,0.713,17.713,1.11159,1.11162,,FxPro,,CTRADER,ZMQ,60,EURUSD,-9.999999999843467e-06,0.0,0,3.9999999999818e-05,200.0,200.0
221,2022-03-31 08:43:41.749000,2022-03-31 08:43:41.749000,2022-03-31 08:43:41.750686,0.0,1.686,1.686,1.1115,1.1117,,XTB S.A.,,MT4,ZMQ,60,EURUSD,1.999999999990898e-05,1.999999999990898e-05,1,0.0002,200.0,200.0
222,2022-03-31 08:43:41.984100,2022-03-31 08:43:42.001100,2022-03-31 08:43:42.002686,17.0,1.586,18.586,1.11159,1.11162,,FxPro,,CTRADER,ZMQ,60,EURUSD,0.0,0.0,0,3.9999999999818e-05,200.0,200.0
223,2022-03-31 08:43:42.033000,2022-03-31 08:43:42.033000,2022-03-31 08:43:42.035686,0.0,2.686,2.686,1.11151,1.11171,,XTB S.A.,,MT4,ZMQ,60,EURUSD,1.0000000000065512e-05,1.0000000000065512e-05,1,0.0002,200.0,200.0
224,2022-03-31 08:43:42.030000,2022-03-31 08:43:42.047000,2022-03-31 08:43:42.050712,17.0,3.712,20.712,1.1116,1.11165,,FxPro,,CTRADER,ZMQ,60,EURUSD,2.999999999997449e-05,9.999999999843467e-06,1,3.9999999999818e-05,200.0,200.0
225,2022-03-31 08:43:42.094000,2022-03-31 08:43:42.152000,2022-03-31 08:43:42.154685,58.0,2.685,60.685,1.11163,1.11163,MM,MetaQuotes Software Corp.,DEMO,MT5,ZMQ,60,EURUSD,2.999999999997449e-05,2.999999999997449e-05,1,0.0,200.0,200.0
226,2022-03-31 08:43:42.477000,2022-03-31 08:43:42.477000,2022-03-31 08:43:42.478686,0.0,1.686,1.686,1.11153,1.11173,,XTB S.A.,,MT4,ZMQ,60,EURUSD,2.0000000000131024e-05,1.999999999990898e-05,1,0.0002,200.0,200.0
227,2022-03-31 08:43:42.484000,2022-03-31 08:43:42.501000,2022-03-31 08:43:42.501711,17.0,0.711,17.711,1.11161,1.11166,,FxPro,,CTRADER,ZMQ,60,EURUSD,1.0000000000065512e-05,1.0000000000065512e-05,1,3.9999999999818e-05,200.0,200.0
228,2022-03-31 08:43:42.504000,2022-03-31 08:43:42.562000,2022-03-31 08:43:42.564704,58.0,2.704,60.704,1.11164,1.11164,MM,MetaQuotes Software Corp.,DEMO,MT5,ZMQ,60,EURUSD,1.0000000000065512e-05,1.0000000000065512e-05,1,0.0,200.0,200.0
229,2022-03-31 08:43:42.984100,2022-03-31 08:43:43.001100,2022-03-31 08:43:43.003686,17.0,2.586,19.586,1.11161,1.11166,,FxPro,,CTRADER,ZMQ,60,EURUSD,0.0,0.0,0,3.9999999999818e-05,200.0,200.0
230,2022-03-31 08:43:43.024000,2022-03-31 08:43:43.024000,2022-03-31 08:43:43.026686,0.0,2.686,2.686,1.11154,1.11174,,XTB S.A.,,MT4,ZMQ,60,EURUSD,9.999999999843467e-06,1.0000000000065512e-05,1,0.0002,200.0,200.0
231,2022-03-31 08:43:43.072000,2022-03-31 08:43:43.130000,2022-03-31 08:43:43.131686,58.0,1.686,59.686,1.11163,1.11163,MM,MetaQuotes Software Corp.,DEMO,MT5,ZMQ,60,EURUSD,-1.0000000000065512e-05,-1.0000000000065512e-05,-1,0.0,200.0,200.0
232,2022-03-31 08:43:43.124000,2022-03-31 08:43:43.141000,2022-03-31 08:43:43.146687,17.0,5.687,22.687,1.1116,1.11163,,FxPro,,CTRADER,ZMQ,60,EURUSD,-3.0000000000196536e-05,-1.0000000000065512e-05,-1,3.9999999999818e-05,200.0,200.0
233,2022-03-31 08:43:43.246000,2022-03-31 08:43:43.246000,2022-03-31 08:43:43.248686,0.0,2.686,2.686,1.11149,1.11169,,XTB S.A.,,MT4,ZMQ,60,EURUSD,-4.999999999988347e-05,-4.999999999988347e-05,-1,0.0002,200.0,200.0
234,2022-03-31 08:43:43.265000,2022-03-31 08:43:43.282000,2022-03-31 08:43:43.295688,17.0,13.688,30.688,1.11156,1.11162,,FxPro,,CTRADER,ZMQ,60,EURUSD,-9.999999999843467e-06,-3.999999999981796e-05,-1,3.9999999999818e-05,200.0,200.0
235,2022-03-31 08:43:43.236000,2022-03-31 08:43:43.294000,2022-03-31 08:43:43.307685,58.0,13.685,71.685,1.1116,1.1116,MM,MetaQuotes Software Corp.,DEMO,MT5,ZMQ,60,EURUSD,-2.999999999997449e-05,-2.999999999997449e-05,-1,0.0,200.0,200.0
236,2022-03-31 08:43:43.308000,2022-03-31 08:43:43.366000,2022-03-31 08:43:43.368709,58.0,2.709,60.709,1.11159,1.11159,MM,MetaQuotes Software Corp.,DEMO,MT5,ZMQ,60,EURUSD,-9.999999999843467e-06,-9.999999999843467e-06,-1,0.0,200.0,200.0
237,2022-03-31 08:43:43.437000,2022-03-31 08:43:43.454000,2022-03-31 08:43:43.458716,17.0,4.716,21.716,1.11156,1.11161,,FxPro,,CTRADER,ZMQ,60,EURUSD,-1.0000000000065512e-05,0.0,0,3.9999999999818e-05,200.0,200.0
238,2022-03-31 08:43:43.436000,2022-03-31 08:43:43.494000,2022-03-31 08:43:43.496685,58.0,2.685,60.685,1.11158,1.11158,MM,MetaQuotes Software Corp.,DEMO,MT5,ZMQ,60,EURUSD,-1.0000000000065512e-05,-1.0000000000065512e-05,-1,0.0,200.0,200.0
239,2022-03-31 08:43:43.984100,2022-03-31 08:43:44.001100,2022-03-31 08:43:44.013711,17.0,12.611,29.611,1.11156,1.11161,,FxPro,,CTRADER,ZMQ,60,EURUSD,0.0,0.0,0,3.9999999999818e-05,200.0,200.0
240,2022-03-31 08:43:44.234000,2022-03-31 08:43:44.251000,2022-03-31 08:43:44.265686,17.0,14.686,31.686,1.11154,1.11157,,FxPro,,CTRADER,ZMQ,60,EURUSD,-4.000000000004e-05,-2.0000000000131024e-05,-1,3.9999999999818e-05,200.0,200.0
241,2022-03-31 08:43:44.303000,2022-03-31 08:43:44.303000,2022-03-31 08:43:44.304715,0.0,1.715,1.715,1.11146,1.11166,,XTB S.A.,,MT4,ZMQ,60,EURUSD,-2.999999999997449e-05,-3.0000000000196536e-05,-1,0.0002,200.0,200.0
242,2022-03-31 08:43:44.405000,2022-03-31 08:43:44.422000,2022-03-31 08:43:44.425685,17.0,3.685,20.685,1.11145,1.11151,,FxPro,,CTRADER,ZMQ,60,EURUSD,-5.999999999994898e-05,-8.999999999992347e-05,-1,3.9999999999818e-05,200.0,200.0
243,2022-03-31 08:43:44.560000,2022-03-31 08:43:44.560000,2022-03-31 08:43:44.561686,0.0,1.686,1.686,1.11132,1.11152,,XTB S.A.,,MT4,ZMQ,60,EURUSD,-0.00014,-0.0001399999999998,-1,0.0002,200.0,200.0
244,2022-03-31 08:43:44.562000,2022-03-31 08:43:44.579000,2022-03-31 08:43:44.579692,17.0,0.692,17.692,1.11141,1.11144,,FxPro,,CTRADER,ZMQ,60,EURUSD,-7.00000000000145e-05,-4.000000000004e-05,-1,3.9999999999818e-05,200.0,200.0
245,2022-03-31 08:43:44.702000,2022-03-31 08:43:44.719000,2022-03-31 08:43:44.725686,17.0,6.686,23.686,1.11142,1.11148,,FxPro,,CTRADER,ZMQ,60,EURUSD,4.000000000004e-05,1.0000000000065512e-05,1,3.9999999999818e-05,200.0,200.0
246,2022-03-31 08:43:44.859000,2022-03-31 08:43:44.876000,2022-03-31 08:43:44.887686,17.0,11.686,28.686,1.11143,1.11148,,FxPro,,CTRADER,ZMQ,60,EURUSD,0.0,9.999999999843467e-06,0,3.9999999999818e-05,200.0,200.0
247,2022-03-31 08:43:44.916000,2022-03-31 08:43:44.916000,2022-03-31 08:43:44.918709,0.0,2.709,2.709,1.11135,1.11155,,XTB S.A.,,MT4,ZMQ,60,EURUSD,2.999999999997449e-05,2.999999999997449e-05,1,0.0002,200.0,200.0
248,2022-03-31 08:43:44.999000,2022-03-31 08:43:45.016000,2022-03-31 08:43:45.015712,17.0,-0.288,16.712,1.11143,1.11148,,FxPro,,CTRADER,ZMQ,60,EURUSD,0.0,0.0,0,3.9999999999818e-05,200.0,200.0
249,2022-03-31 08:43:45.015000,2022-03-31 08:43:45.032000,2022-03-31 08:43:45.038713,17.0,6.713,23.713,1.11142,1.11148,,FxPro,,CTRADER,ZMQ,60,EURUSD,0.0,-9.999999999843467e-06,0,3.9999999999818e-05,200.0,200.0
250,2022-03-31 08:43:45.154000,2022-03-31 08:43:45.154000,2022-03-31 08:43:45.156686,0.0,2.686,2.686,1.11134,1.11154,,XTB S.A.,,MT4,ZMQ,60,EURUSD,-1.0000000000065512e-05,-1.0000000000065512e-05,-1,0.0002,200.0,200.0
251,2022-03-31 08:43:45.118000,2022-03-31 08:43:45.176000,2022-03-31 08:43:45.177685,58.0,1.685,59.685,1.11159,1.11159,MM,MetaQuotes Software Corp.,DEMO,MT5,ZMQ,60,EURUSD,1.0000000000065512e-05,1.0000000000065512e-05,1,0.0,200.0,200.0
252,2022-03-31 08:43:45.171000,2022-03-31 08:43:45.188000,2022-03-31 08:43:45.191708,17.0,3.708,20.708,1.11142,1.11146,,FxPro,,CTRADER,ZMQ,60,EURUSD,-2.0000000000131024e-05,0.0,0,3.9999999999818e-05,200.0,200.0
253,2022-03-31 08:43:45.857000,2022-03-31 08:43:45.857000,2022-03-31 08:43:45.859686,0.0,2.686,2.686,1.11133,1.11153,,XTB S.A.,,MT4,ZMQ,60,EURUSD,-1.0000000000065512e-05,-1.0000000000065512e-05,-1,0.0002,200.0,200.0
254,2022-03-31 08:43:45.874000,2022-03-31 08:43:45.891000,2022-03-31 08:43:45.897712,17.0,6.712,23.712,1.1114,1.11144,,FxPro,,CTRADER,ZMQ,60,EURUSD,-1.999999999990898e-05,-2.0000000000131024e-05,-1,3.9999999999818e-05,200.0,200.0
255,2022-03-31 08:43:45.999000,2022-03-31 08:43:46.016000,2022-03-31 08:43:46.020712,17.0,4.712,21.712,1.1114,1.11144,,FxPro,,CTRADER,ZMQ,60,EURUSD,0.0,0.0,0,3.9999999999818e-05,200.0,200.0
256,2022-03-31 08:43:45.975000,2022-03-31 08:43:46.033000,2022-03-31 08:43:46.034685,58.0,1.685,59.685,1.11146,1.11146,MM,MetaQuotes Software Corp.,DEMO,MT5,ZMQ,60,EURUSD,-0.0001300000000001,-0.0001300000000001,-1,0.0,200.0,200.0
257,2022-03-31 08:43:46.114000,2022-03-31 08:43:46.172000,2022-03-31 08:43:46.174686,58.0,2.686,60.686,1.11147,1.11147,MM,MetaQuotes Software Corp.,DEMO,MT5,ZMQ,60,EURUSD,1.0000000000065512e-05,1.0000000000065512e-05,1,0.0,200.0,200.0
258,2022-03-31 08:43:46.348000,2022-03-31 08:43:46.348000,2022-03-31 08:43:46.350710,0.0,2.71,2.71,1.11132,1.11152,,XTB S.A.,,MT4,ZMQ,60,EURUSD,-9.999999999843467e-06,-9.999999999843467e-06,-1,0.0002,200.0,200.0
259,2022-03-31 08:43:46.320000,2022-03-31 08:43:46.378000,2022-03-31 08:43:46.379686,58.0,1.686,59.686,1.11144,1.11144,MM,MetaQuotes Software Corp.,DEMO,MT5,ZMQ,60,EURUSD,-2.999999999997449e-05,-2.999999999997449e-05,-1,0.0,200.0,200.0
260,2022-03-31 08:43:46.374000,2022-03-31 08:43:46.391000,2022-03-31 08:43:46.402685,17.0,11.685,28.685,1.11141,1.11144,,FxPro,,CTRADER,ZMQ,60,EURUSD,0.0,1.0000000000065512e-05,0,3.9999999999818e-05,200.0,200.0
261,2022-03-31 08:43:46.553000,2022-03-31 08:43:46.611000,2022-03-31 08:43:46.614686,58.0,3.686,61.686,1.11142,1.11142,MM,MetaQuotes Software Corp.,DEMO,MT5,ZMQ,60,EURUSD,-1.999999999990898e-05,-1.999999999990898e-05,-1,0.0,200.0,200.0
262,2022-03-31 08:43:47.015000,2022-03-31 08:43:47.032000,2022-03-31 08:43:47.032696,17.0,0.696,17.696,1.11141,1.11144,,FxPro,,CTRADER,ZMQ,60,EURUSD,0.0,0.0,0,3.9999999999818e-05,200.0,200.0
263,2022-03-31 08:43:46.972000,2022-03-31 08:43:47.030000,2022-03-31 08:43:47.043711,58.0,13.711,71.711,1.11143,1.11143,MM,MetaQuotes Software Corp.,DEMO,MT5,ZMQ,60,EURUSD,9.999999999843467e-06,9.999999999843467e-06,1,0.0,200.0,200.0
264,2022-03-31 08:43:47.017000,2022-03-31 08:43:47.075000,2022-03-31 08:43:47.077686,58.0,2.686,60.686,1.11144,1.11144,MM,MetaQuotes Software Corp.,DEMO,MT5,ZMQ,60,EURUSD,1.0000000000065512e-05,1.0000000000065512e-05,1,0.0,200.0,200.0
265,2022-03-31 08:43:47.359000,2022-03-31 08:43:47.359000,2022-03-31 08:43:47.361688,0.0,2.688,2.688,1.11133,1.11153,,XTB S.A.,,MT4,ZMQ,60,EURUSD,9.999999999843467e-06,9.999999999843467e-06,1,0.0002,200.0,200.0
266,2022-03-31 08:43:47.609000,2022-03-31 08:43:47.626000,2022-03-31 08:43:47.634685,17.0,8.685,25.685,1.11141,1.11145,,FxPro,,CTRADER,ZMQ,60,EURUSD,1.0000000000065512e-05,0.0,0,3.9999999999818e-05,200.0,200.0
267,2022-03-31 08:43:47.704000,2022-03-31 08:43:47.704000,2022-03-31 08:43:47.706694,0.0,2.694,2.694,1.11132,1.11152,,XTB S.A.,,MT4,ZMQ,60,EURUSD,-9.999999999843467e-06,-9.999999999843467e-06,-1,0.0002,200.0,200.0
268,2022-03-31 08:43:47.697000,2022-03-31 08:43:47.755000,2022-03-31 08:43:47.757718,58.0,2.718,60.718,1.11143,1.11143,MM,MetaQuotes Software Corp.,DEMO,MT5,ZMQ,60,EURUSD,-1.0000000000065512e-05,-1.0000000000065512e-05,-1,0.0,200.0,200.0
269,2022-03-31 08:43:47.984100,2022-03-31 08:43:48.001100,2022-03-31 08:43:48.002686,17.0,1.586,18.586,1.1114,1.11144,,FxPro,,CTRADER,ZMQ,60,EURUSD,-1.0000000000065512e-05,-1.0000000000065512e-05,-1,3.9999999999818e-05,200.0,200.0
270,2022-03-31 08:43:48.015000,2022-03-31 08:43:48.032000,2022-03-31 08:43:48.033685,17.0,1.685,18.685,1.1114,1.11144,,FxPro,,CTRADER,ZMQ,60,EURUSD,0.0,0.0,0,3.9999999999818e-05,200.0,200.0
271,2022-03-31 08:43:48.984100,2022-03-31 08:43:49.001100,2022-03-31 08:43:49.015685,17.0,14.585,31.585,1.11144,1.11147,,FxPro,,CTRADER,ZMQ,60,EURUSD,2.999999999997449e-05,4.000000000004e-05,1,3.9999999999818e-05,200.0,200.0
272,2022-03-31 08:43:49.015000,2022-03-31 08:43:49.032000,2022-03-31 08:43:49.036685,17.0,4.685,21.685,1.11144,1.11147,,FxPro,,CTRADER,ZMQ,60,EURUSD,0.0,0.0,0,3.9999999999818e-05,200.0,200.0
273,2022-03-31 08:43:49.031000,2022-03-31 08:43:49.089000,2022-03-31 08:43:49.091685,58.0,2.685,60.685,1.11145,1.11145,MM,MetaQuotes Software Corp.,DEMO,MT5,ZMQ,60,EURUSD,2.0000000000131024e-05,2.0000000000131024e-05,1,0.0,200.0,200.0
274,2022-03-31 08:43:49.062000,2022-03-31 08:43:49.120000,2022-03-31 08:43:49.121685,58.0,1.685,59.685,1.11146,1.11146,MM,MetaQuotes Software Corp.,DEMO,MT5,ZMQ,60,EURUSD,9.999999999843467e-06,9.999999999843467e-06,1,0.0,200.0,200.0
275,2022-03-31 08:43:49.140000,2022-03-31 08:43:49.157000,2022-03-31 08:43:49.169711,17.0,12.711,29.711,1.11145,1.11149,,FxPro,,CTRADER,ZMQ,60,EURUSD,2.0000000000131024e-05,1.0000000000065512e-05,1,3.9999999999818e-05,200.0,200.0
276,2022-03-31 08:43:49.218000,2022-03-31 08:43:49.218000,2022-03-31 08:43:49.220733,0.0,2.733,2.733,1.11137,1.11157,,XTB S.A.,,MT4,ZMQ,60,EURUSD,4.999999999988347e-05,4.999999999988347e-05,1,0.0002,200.0,200.0
277,2022-03-31 08:43:49.178000,2022-03-31 08:43:49.236000,2022-03-31 08:43:49.238712,58.0,2.712,60.712,1.11148,1.11148,MM,MetaQuotes Software Corp.,DEMO,MT5,ZMQ,60,EURUSD,2.0000000000131024e-05,2.0000000000131024e-05,1,0.0,200.0,200.0
278,2022-03-31 08:43:49.296000,2022-03-31 08:43:49.313000,2022-03-31 08:43:49.328686,17.0,15.686,32.686,1.11142,1.11147,,FxPro,,CTRADER,ZMQ,60,EURUSD,-2.0000000000131024e-05,-2.999999999997449e-05,-1,3.9999999999818e-05,200.0,200.0
279,2022-03-31 08:43:49.419000,2022-03-31 08:43:49.419000,2022-03-31 08:43:49.421686,0.0,2.686,2.686,1.11134,1.11154,,XTB S.A.,,MT4,ZMQ,60,EURUSD,-2.999999999997449e-05,-2.999999999997449e-05,-1,0.0002,200.0,200.0
280,2022-03-31 08:43:49.371000,2022-03-31 08:43:49.429000,2022-03-31 08:43:49.435685,58.0,6.685,64.685,1.11146,1.11146,MM,MetaQuotes Software Corp.,DEMO,MT5,ZMQ,60,EURUSD,-2.0000000000131024e-05,-2.0000000000131024e-05,-1,0.0,200.0,200.0
281,2022-03-31 08:43:49.437000,2022-03-31 08:43:49.454000,2022-03-31 08:43:49.469687,17.0,15.687,32.687,1.11142,1.11146,,FxPro,,CTRADER,ZMQ,60,EURUSD,-1.0000000000065512e-05,0.0,0,3.9999999999818e-05,200.0,200.0
282,2022-03-31 08:43:49.479000,2022-03-31 08:43:49.537000,2022-03-31 08:43:49.539687,58.0,2.687,60.687,1.11145,1.11145,MM,MetaQuotes Software Corp.,DEMO,MT5,ZMQ,60,EURUSD,-9.999999999843467e-06,-9.999999999843467e-06,-1,0.0,200.0,200.0
283,2022-03-31 08:43:49.843000,2022-03-31 08:43:49.860000,2022-03-31 08:43:49.873685,17.0,13.685,30.685,1.11141,1.11145,,FxPro,,CTRADER,ZMQ,60,EURUSD,-9.999999999843467e-06,-1.0000000000065512e-05,-1,3.9999999999818e-05,200.0,200.0
284,2022-03-31 08:43:49.909000,2022-03-31 08:43:49.909000,2022-03-31 08:43:49.911711,0.0,2.711,2.711,1.11133,1.11153,,XTB S.A.,,MT4,ZMQ,60,EURUSD,-1.0000000000065512e-05,-1.0000000000065512e-05,-1,0.0002,200.0,200.0
285,2022-03-31 08:43:49.895000,2022-03-31 08:43:49.953000,2022-03-31 08:43:49.955712,58.0,2.712,60.712,1.11144,1.11144,MM,MetaQuotes Software Corp.,DEMO,MT5,ZMQ,60,EURUSD,-1.0000000000065512e-05,-1.0000000000065512e-05,-1,0.0,200.0,200.0
286,2022-03-31 08:43:50.015000,2022-03-31 08:43:50.032000,2022-03-31 08:43:50.036685,17.0,4.685,21.685,1.11141,1.11145,,FxPro,,CTRADER,ZMQ,60,EURUSD,0.0,0.0,0,3.9999999999818e-05,200.0,200.0
287,2022-03-31 08:43:50.277000,2022-03-31 08:43:50.335000,2022-03-31 08:43:50.337711,58.0,2.711,60.711,1.11143,1.11143,MM,MetaQuotes Software Corp.,DEMO,MT5,ZMQ,60,EURUSD,-1.0000000000065512e-05,-1.0000000000065512e-05,-1,0.0,200.0,200.0
288,2022-03-31 08:43:51.015000,2022-03-31 08:43:51.032000,2022-03-31 08:43:51.040687,17.0,8.687,25.687,1.11141,1.11145,,FxPro,,CTRADER,ZMQ,60,EURUSD,0.0,0.0,0,3.9999999999818e-05,200.0,200.0
289,2022-03-31 08:43:51.775000,2022-03-31 08:43:51.775000,2022-03-31 08:43:51.777686,0.0,2.686,2.686,1.11132,1.11152,,XTB S.A.,,MT4,ZMQ,60,EURUSD,-9.999999999843467e-06,-9.999999999843467e-06,-1,0.0002,200.0,200.0
290,2022-03-31 08:43:51.859000,2022-03-31 08:43:51.876000,2022-03-31 08:43:51.886686,17.0,10.686,27.686,1.1114,1.11143,,FxPro,,CTRADER,ZMQ,60,EURUSD,-2.0000000000131024e-05,-1.0000000000065512e-05,-1,3.9999999999818e-05,200.0,200.0
291,2022-03-31 08:43:51.955000,2022-03-31 08:43:52.013000,2022-03-31 08:43:52.015686,58.0,2.686,60.686,1.11142,1.11142,MM,MetaQuotes Software Corp.,DEMO,MT5,ZMQ,60,EURUSD,-9.999999999843467e-06,-9.999999999843467e-06,-1,0.0,200.0,200.0
292,2022-03-31 08:43:52.015000,2022-03-31 08:43:52.032000,2022-03-31 08:43:52.043685,17.0,11.685,28.685,1.1114,1.11143,,FxPro,,CTRADER,ZMQ,60,EURUSD,0.0,0.0,0,3.9999999999818e-05,200.0,200.0
293,2022-03-31 08:43:52.499000,2022-03-31 08:43:52.516000,2022-03-31 08:43:52.520685,17.0,4.685,21.685,1.1114,1.11144,,FxPro,,CTRADER,ZMQ,60,EURUSD,1.0000000000065512e-05,0.0,0,3.9999999999818e-05,200.0,200.0
294,2022-03-31 08:43:52.640000,2022-03-31 08:43:52.657000,2022-03-31 08:43:52.671686,17.0,14.686,31.686,1.1114,1.11143,,FxPro,,CTRADER,ZMQ,60,EURUSD,-1.0000000000065512e-05,0.0,0,3.9999999999818e-05,200.0,200.0
295,2022-03-31 08:43:52.848000,2022-03-31 08:43:52.848000,2022-03-31 08:43:52.849695,0.0,1.695,1.695,1.11131,1.11151,,XTB S.A.,,MT4,ZMQ,60,EURUSD,-1.0000000000065512e-05,-1.0000000000065512e-05,-1,0.0002,200.0,200.0
296,2022-03-31 08:43:52.952000,2022-03-31 08:43:52.969000,2022-03-31 08:43:52.971686,17.0,2.686,19.686,1.11136,1.1114,,FxPro,,CTRADER,ZMQ,60,EURUSD,-2.999999999997449e-05,-4.000000000004e-05,-1,3.9999999999818e-05,200.0,200.0
297,2022-03-31 08:43:52.911000,2022-03-31 08:43:52.969000,2022-03-31 08:43:52.983701,58.0,14.701,72.701,1.11141,1.11141,MM,MetaQuotes Software Corp.,DEMO,MT5,ZMQ,60,EURUSD,-1.0000000000065512e-05,-1.0000000000065512e-05,-1,0.0,200.0,200.0
298,2022-03-31 08:43:52.985000,2022-03-31 08:43:53.043000,2022-03-31 08:43:53.045694,58.0,2.694,60.694,1.1114,1.1114,MM,MetaQuotes Software Corp.,DEMO,MT5,ZMQ,60,EURUSD,-1.0000000000065512e-05,-1.0000000000065512e-05,-1,0.0,200.0,200.0
299,2022-03-31 08:43:53.030000,2022-03-31 08:43:53.047000,2022-03-31 08:43:53.058695,17.0,11.695,28.695,1.11136,1.1114,,FxPro,,CTRADER,ZMQ,60,EURUSD,0.0,0.0,0,3.9999999999818e-05,200.0,200.0
300,2022-04-12 15:34:16.413000,2022-04-12 15:34:16.413000,2022-04-12 15:34:23.384618,0.0,6971.618,6971.618,1.08535,1.08555,,XTB S.A.,,MT4,ZMQ,60,EURUSD,-1.0000000000065512e-05,-1.0000000000065512e-05,-1,0.0002,200.0,200.0
301,2022-04-12 15:34:17.789000,2022-04-12 15:34:17.789000,2022-04-12 15:34:23.384618,0.0,5595.618,5595.618,1.08534,1.08554,,XTB S.A.,,MT4,ZMQ,60,EURUSD,-1.0000000000065512e-05,-1.0000000000065512e-05,-1,0.0002,200.0,200.0
302,2022-04-12 15:34:18.025000,2022-04-12 15:34:18.025000,2022-04-12 15:34:23.400268,0.0,5375.268,5375.268,1.08532,1.08552,,XTB S.A.,,MT4,ZMQ,60,EURUSD,-1.999999999990898e-05,-1.999999999990898e-05,-1,0.0002,200.0,200.0
303,2022-04-12 15:34:18.637000,2022-04-12 15:34:18.637000,2022-04-12 15:34:23.415894,0.0,4778.894,4778.894,1.0853,1.0855,,XTB S.A.,,MT4,ZMQ,60,EURUSD,-2.0000000000131024e-05,-2.0000000000131024e-05,-1,0.0002,200.0,200.0
304,2022-04-12 15:34:18.826000,2022-04-12 15:34:18.826000,2022-04-12 15:34:23.428929,0.0,4602.929,4602.929,1.08528,1.08548,,XTB S.A.,,MT4,ZMQ,60,EURUSD,-1.999999999990898e-05,-1.999999999990898e-05,-1,0.0002,200.0,200.0
305,2022-04-12 15:34:19.675000,2022-04-12 15:34:19.675000,2022-04-12 15:34:23.431962,0.0,3756.962,3756.962,1.08527,1.08547,,XTB S.A.,,MT4,ZMQ,60,EURUSD,-1.0000000000065512e-05,-1.0000000000065512e-05,-1,0.0002,200.0,200.0
306,2022-04-12 15:34:23.337000,2022-04-12 15:34:23.337000,2022-04-12 15:34:23.447599,0.0,110.599,110.599,1.08528,1.08548,,XTB S.A.,,MT4,ZMQ,60,EURUSD,1.0000000000065512e-05,1.0000000000065512e-05,1,0.0002,200.0,200.0
307,2022-04-12 15:34:24.514000,2022-04-12 15:34:24.514000,2022-04-12 15:34:24.514286,0.0,0.286,0.286,1.08527,1.08547,,XTB S.A.,,MT4,ZMQ,60,EURUSD,-1.0000000000065512e-05,-1.0000000000065512e-05,-1,0.0002,200.0,200.0
308,2022-04-12 15:34:24.922000,2022-04-12 15:34:24.922000,2022-04-12 15:34:24.922245,0.0,0.245,0.245,1.08526,1.08546,,XTB S.A.,,MT4,ZMQ,60,EURUSD,-9.999999999843467e-06,-1.0000000000065512e-05,-1,0.0002,200.0,200.0
309,2022-04-12 15:34:25.330000,2022-04-12 15:34:25.330000,2022-04-12 15:34:25.330234,0.0,0.234,0.234,1.08528,1.08548,,XTB S.A.,,MT4,ZMQ,60,EURUSD,1.999999999990898e-05,2.0000000000131024e-05,1,0.0002,200.0,200.0
310,2022-04-12 15:34:26.648000,2022-04-12 15:34:26.648000,2022-04-12 15:34:26.648605,0.0,0.605,0.605,1.08531,1.08551,,XTB S.A.,,MT4,ZMQ,60,EURUSD,2.999999999997449e-05,2.999999999997449e-05,1,0.0002,200.0,200.0
311,2022-04-12 15:34:27.040000,2022-04-12 15:34:27.040000,2022-04-12 15:34:27.040928,0.0,0.928,0.928,1.08529,1.08549,,XTB S.A.,,MT4,ZMQ,60,EURUSD,-1.999999999990898e-05,-1.999999999990898e-05,-1,0.0002,200.0,200.0
312,2022-04-12 15:34:29.206000,2022-04-12 15:34:29.206000,2022-04-12 15:34:29.206295,0.0,0.295,0.295,1.08534,1.08554,,XTB S.A.,,MT4,ZMQ,60,EURUSD,4.999999999988347e-05,4.999999999988347e-05,1,0.0002,200.0,200.0
313,2022-04-12 15:34:31.340000,2022-04-12 15:34:31.340000,2022-04-12 15:34:31.340483,0.0,0.483,0.483,1.08538,1.08558,,XTB S.A.,,MT4,ZMQ,60,EURUSD,4.000000000004e-05,4.000000000004e-05,1,0.0002,200.0,200.0
314,2022-04-12 15:34:31.569000,2022-04-12 15:34:31.569000,2022-04-12 15:34:31.569338,0.0,0.338,0.338,1.08545,1.08565,,XTB S.A.,,MT4,ZMQ,60,EURUSD,7.00000000000145e-05,7.00000000000145e-05,1,0.0002,200.0,200.0
315,2022-04-12 15:34:32.510000,2022-04-12 15:34:32.510000,2022-04-12 15:34:32.510660,0.0,0.66,0.66,1.08543,1.08563,,XTB S.A.,,MT4,ZMQ,60,EURUSD,-1.999999999990898e-05,-2.0000000000131024e-05,-1,0.0002,200.0,200.0
316,2022-04-12 15:34:32.871000,2022-04-12 15:34:32.871000,2022-04-12 15:34:32.871851,0.0,0.851,0.851,1.08545,1.08565,,XTB S.A.,,MT4,ZMQ,60,EURUSD,1.999999999990898e-05,2.0000000000131024e-05,1,0.0002,200.0,200.0
317,2022-04-12 15:34:34.284000,2022-04-12 15:34:34.284000,2022-04-12 15:34:34.284474,0.0,0.474,0.474,1.0854,1.0856,,XTB S.A.,,MT4,ZMQ,60,EURUSD,-5.000000000010552e-05,-5.000000000010552e-05,-1,0.0002,200.0,200.0
318,2022-04-12 15:34:36.427000,2022-04-12 15:34:36.427000,2022-04-12 15:34:36.427085,0.0,0.085,0.085,1.08543,1.08563,,XTB S.A.,,MT4,ZMQ,60,EURUSD,3.0000000000196536e-05,2.999999999997449e-05,1,0.0002,200.0,200.0
319,2022-04-12 15:34:37.870000,2022-04-12 15:34:37.870000,2022-04-12 15:34:37.870207,0.0,0.207,0.207,1.08542,1.08562,,XTB S.A.,,MT4,ZMQ,60,EURUSD,-1.0000000000065512e-05,-9.999999999843467e-06,-1,0.0002,200.0,200.0
320,2022-04-12 15:34:40.913000,2022-04-12 15:34:40.913000,2022-04-12 15:34:40.913566,0.0,0.566,0.566,1.0854,1.0856,,XTB S.A.,,MT4,ZMQ,60,EURUSD,-2.0000000000131024e-05,-2.0000000000131024e-05,-1,0.0002,200.0,200.0
321,2022-04-12 15:34:42.702000,2022-04-12 15:34:42.702000,2022-04-12 15:34:42.702735,0.0,0.735,0.735,1.08543,1.08563,,XTB S.A.,,MT4,ZMQ,60,EURUSD,3.0000000000196536e-05,2.999999999997449e-05,1,0.0002,200.0,200.0
322,2022-04-12 15:34:43.973000,2022-04-12 15:34:43.973000,2022-04-12 15:34:43.973951,0.0,0.951,0.951,1.08542,1.08562,,XTB S.A.,,MT4,ZMQ,60,EURUSD,-1.0000000000065512e-05,-9.999999999843467e-06,-1,0.0002,200.0,200.0
323,2022-04-12 15:34:45.983000,2022-04-12 15:34:45.983000,2022-04-12 15:34:45.983440,0.0,0.44,0.44,1.08543,1.08563,,XTB S.A.,,MT4,ZMQ,60,EURUSD,1.0000000000065512e-05,9.999999999843467e-06,1,0.0002,200.0,200.0
324,2022-04-12 15:34:46.642000,2022-04-12 15:34:46.642000,2022-04-12 15:34:46.642315,0.0,0.315,0.315,1.08544,1.08564,,XTB S.A.,,MT4,ZMQ,60,EURUSD,9.999999999843467e-06,1.0000000000065512e-05,1,0.0002,200.0,200.0
325,2022-04-12 15:34:47.285000,2022-04-12 15:34:47.285000,2022-04-12 15:34:47.285639,0.0,0.639,0.639,1.08542,1.08562,,XTB S.A.,,MT4,ZMQ,60,EURUSD,-1.999999999990898e-05,-1.999999999990898e-05,-1,0.0002,200.0,200.0
326,2022-04-12 15:34:47.568000,2022-04-12 15:34:47.568000,2022-04-12 15:34:47.568305,0.0,0.305,0.305,1.0854,1.0856,,XTB S.A.,,MT4,ZMQ,60,EURUSD,-2.0000000000131024e-05,-2.0000000000131024e-05,-1,0.0002,200.0,200.0
327,2022-04-12 15:34:47.866000,2022-04-12 15:34:47.866000,2022-04-12 15:34:47.866527,0.0,0.527,0.527,1.08539,1.08559,,XTB S.A.,,MT4,ZMQ,60,EURUSD,-9.999999999843467e-06,-9.999999999843467e-06,-1,0.0002,200.0,200.0
328,2022-04-12 15:34:48.572000,2022-04-12 15:34:48.572000,2022-04-12 15:34:48.572855,0.0,0.855,0.855,1.0854,1.0856,,XTB S.A.,,MT4,ZMQ,60,EURUSD,9.999999999843467e-06,9.999999999843467e-06,1,0.0002,200.0,200.0
329,2022-04-12 15:34:50.110000,2022-04-12 15:34:50.110000,2022-04-12 15:34:50.110874,0.0,0.874,0.874,1.08543,1.08563,,XTB S.A.,,MT4,ZMQ,60,EURUSD,3.0000000000196536e-05,2.999999999997449e-05,1,0.0002,200.0,200.0
330,2022-04-12 15:34:55.430000,2022-04-12 15:34:55.430000,2022-04-12 15:34:55.430775,0.0,0.775,0.775,1.08544,1.08564,,XTB S.A.,,MT4,ZMQ,60,EURUSD,9.999999999843467e-06,1.0000000000065512e-05,1,0.0002,200.0,200.0
331,2022-04-12 15:34:59.872000,2022-04-12 15:34:59.872000,2022-04-12 15:34:59.872136,0.0,0.136,0.136,1.08543,1.08563,,XTB S.A.,,MT4,ZMQ,60,EURUSD,-9.999999999843467e-06,-1.0000000000065512e-05,-1,0.0002,200.0,200.0
332,2022-04-12 15:35:00.170000,2022-04-12 15:35:00.170000,2022-04-12 15:35:00.170365,0.0,0.365,0.365,1.08545,1.08565,,XTB S.A.,,MT4,ZMQ,60,EURUSD,1.999999999990898e-05,2.0000000000131024e-05,1,0.0002,200.0,200.0
333,2022-04-12 15:35:01.708000,2022-04-12 15:35:01.708000,2022-04-12 15:35:01.708179,0.0,0.179,0.179,1.08548,1.08568,,XTB S.A.,,MT4,ZMQ,60,EURUSD,2.999999999997449e-05,2.999999999997449e-05,1,0.0002,200.0,200.0
334,2022-04-12 15:35:02.351000,2022-04-12 15:35:02.351000,2022-04-12 15:35:02.351492,0.0,0.492,0.492,1.08549,1.08569,,XTB S.A.,,MT4,ZMQ,60,EURUSD,1.0000000000065512e-05,1.0000000000065512e-05,1,0.0002,200.0,200.0
335,2022-04-12 15:35:02.900000,2022-04-12 15:35:02.900000,2022-04-12 15:35:02.900740,0.0,0.74,0.74,1.08548,1.08568,,XTB S.A.,,MT4,ZMQ,60,EURUSD,-1.0000000000065512e-05,-1.0000000000065512e-05,-1,0.0002,200.0,200.0
336,2022-04-12 15:35:03.277000,2022-04-12 15:35:03.277000,2022-04-12 15:35:03.277574,0.0,0.574,0.574,1.08549,1.08569,,XTB S.A.,,MT4,ZMQ,60,EURUSD,1.0000000000065512e-05,1.0000000000065512e-05,1,0.0002,200.0,200.0
337,2022-04-12 15:35:09.146000,2022-04-12 15:35:09.146000,2022-04-12 15:35:09.146491,0.0,0.491,0.491,1.0855,1.0857,,XTB S.A.,,MT4,ZMQ,60,EURUSD,1.0000000000065512e-05,9.999999999843467e-06,1,0.0002,200.0,200.0
338,2022-04-12 15:35:12.332000,2022-04-12 15:35:12.332000,2022-04-12 15:35:12.332248,0.0,0.248,0.248,1.08558,1.08578,,XTB S.A.,,MT4,ZMQ,60,EURUSD,7.999999999985796e-05,8.000000000008001e-05,1,0.0002,200.0,200.0
339,2022-04-12 15:35:13.320000,2022-04-12 15:35:13.320000,2022-04-12 15:35:13.320924,0.0,0.924,0.924,1.08559,1.08579,,XTB S.A.,,MT4,ZMQ,60,EURUSD,1.0000000000065512e-05,1.0000000000065512e-05,1,0.0002,200.0,200.0
340,2022-04-12 15:35:17.495000,2022-04-12 15:35:17.495000,2022-04-12 15:35:17.495451,0.0,0.451,0.451,1.08558,1.08578,,XTB S.A.,,MT4,ZMQ,60,EURUSD,-1.0000000000065512e-05,-1.0000000000065512e-05,-1,0.0002,200.0,200.0
341,2022-04-12 15:35:18.201000,2022-04-12 15:35:18.201000,2022-04-12 15:35:18.201817,0.0,0.817,0.817,1.08559,1.08579,,XTB S.A.,,MT4,ZMQ,60,EURUSD,1.0000000000065512e-05,1.0000000000065512e-05,1,0.0002,200.0,200.0
342,2022-04-12 15:35:22.815000,2022-04-12 15:35:22.815000,2022-04-12 15:35:22.815484,0.0,0.484,0.484,1.08558,1.08578,,XTB S.A.,,MT4,ZMQ,60,EURUSD,-1.0000000000065512e-05,-1.0000000000065512e-05,-1,0.0002,200.0,200.0
343,2022-04-12 15:35:23.616000,2022-04-12 15:35:23.616000,2022-04-12 15:35:23.616136,0.0,0.136,0.136,1.08561,1.08581,,XTB S.A.,,MT4,ZMQ,60,EURUSD,2.999999999997449e-05,2.999999999997449e-05,1,0.0002,200.0,200.0
344,2022-04-12 15:35:23.882000,2022-04-12 15:35:23.882000,2022-04-12 15:35:23.882159,0.0,0.159,0.159,1.08568,1.08588,,XTB S.A.,,MT4,ZMQ,60,EURUSD,7.00000000000145e-05,7.00000000000145e-05,1,0.0002,200.0,200.0
345,2022-04-12 15:35:24.981000,2022-04-12 15:35:24.981000,2022-04-12 15:35:24.981249,0.0,0.249,0.249,1.08561,1.08581,,XTB S.A.,,MT4,ZMQ,60,EURUSD,-7.00000000000145e-05,-7.00000000000145e-05,-1,0.0002,200.0,200.0
346,2022-04-12 15:35:25.436000,2022-04-12 15:35:25.436000,2022-04-12 15:35:25.436766,0.0,0.766,0.766,1.08562,1.08582,,XTB S.A.,,MT4,ZMQ,60,EURUSD,1.0000000000065512e-05,1.0000000000065512e-05,1,0.0002,200.0,200.0
347,2022-04-12 15:35:25.656000,2022-04-12 15:35:25.656000,2022-04-12 15:35:25.656414,0.0,0.414,0.414,1.08561,1.08581,,XTB S.A.,,MT4,ZMQ,60,EURUSD,-1.0000000000065512e-05,-1.0000000000065512e-05,-1,0.0002,200.0,200.0
348,2022-04-12 15:35:26.268000,2022-04-12 15:35:26.268000,2022-04-12 15:35:26.268584,0.0,0.584,0.584,1.0856,1.0858,,XTB S.A.,,MT4,ZMQ,60,EURUSD,-9.999999999843467e-06,-1.0000000000065512e-05,-1,0.0002,200.0,200.0
349,2022-04-12 15:35:26.472000,2022-04-12 15:35:26.472000,2022-04-12 15:35:26.472662,0.0,0.662,0.662,1.08563,1.08583,,XTB S.A.,,MT4,ZMQ,60,EURUSD,2.999999999997449e-05,3.0000000000196536e-05,1,0.0002,200.0,200.0
350,2022-04-12 15:35:27.100000,2022-04-12 15:35:27.100000,2022-04-12 15:35:27.102544,0.0,2.544,2.544,1.08565,1.08585,,XTB S.A.,,MT4,ZMQ,60,EURUSD,1.999999999990898e-05,1.999999999990898e-05,1,0.0002,200.0,200.0
351,2022-04-12 15:35:28.230000,2022-04-12 15:35:28.230000,2022-04-12 15:35:28.230654,0.0,0.654,0.654,1.08564,1.08584,,XTB S.A.,,MT4,ZMQ,60,EURUSD,-1.0000000000065512e-05,-1.0000000000065512e-05,-1,0.0002,200.0,200.0
352,2022-04-12 15:35:28.513000,2022-04-12 15:35:28.513000,2022-04-12 15:35:28.513239,0.0,0.239,0.239,1.08567,1.08587,,XTB S.A.,,MT4,ZMQ,60,EURUSD,2.999999999997449e-05,2.999999999997449e-05,1,0.0002,200.0,200.0
353,2022-04-12 15:35:28.732000,2022-04-12 15:35:28.732000,2022-04-12 15:35:28.732993,0.0,0.993,0.993,1.08564,1.08584,,XTB S.A.,,MT4,ZMQ,60,EURUSD,-2.999999999997449e-05,-2.999999999997449e-05,-1,0.0002,200.0,200.0
354,2022-04-12 15:35:29.078000,2022-04-12 15:35:29.078000,2022-04-12 15:35:29.078038,0.0,0.038,0.038,1.08565,1.08585,,XTB S.A.,,MT4,ZMQ,60,EURUSD,1.0000000000065512e-05,1.0000000000065512e-05,1,0.0002,200.0,200.0
355,2022-04-12 15:35:30.270000,2022-04-12 15:35:30.270000,2022-04-12 15:35:30.270620,0.0,0.62,0.62,1.08564,1.08584,,XTB S.A.,,MT4,ZMQ,60,EURUSD,-1.0000000000065512e-05,-1.0000000000065512e-05,-1,0.0002,200.0,200.0
356,2022-04-12 15:35:31.683000,2022-04-12 15:35:31.683000,2022-04-12 15:35:31.683346,0.0,0.346,0.346,1.0856,1.0858,,XTB S.A.,,MT4,ZMQ,60,EURUSD,-3.999999999981796e-05,-4.000000000004e-05,-1,0.0002,200.0,200.0
357,2022-04-12 15:35:31.902000,2022-04-12 15:35:31.902000,2022-04-12 15:35:31.902528,0.0,0.528,0.528,1.08558,1.08578,,XTB S.A.,,MT4,ZMQ,60,EURUSD,-2.0000000000131024e-05,-1.999999999990898e-05,-1,0.0002,200.0,200.0
358,2022-04-12 15:35:32.106000,2022-04-12 15:35:32.106000,2022-04-12 15:35:32.106589,0.0,0.589,0.589,1.08559,1.08579,,XTB S.A.,,MT4,ZMQ,60,EURUSD,1.0000000000065512e-05,1.0000000000065512e-05,1,0.0002,200.0,200.0
359,2022-04-12 15:35:32.326000,2022-04-12 15:35:32.326000,2022-04-12 15:35:32.326680,0.0,0.68,0.68,1.0856,1.0858,,XTB S.A.,,MT4,ZMQ,60,EURUSD,1.0000000000065512e-05,9.999999999843467e-06,1,0.0002,200.0,200.0
360,2022-04-12 15:35:32.891000,2022-04-12 15:35:32.891000,2022-04-12 15:35:32.891285,0.0,0.285,0.285,1.08561,1.08581,,XTB S.A.,,MT4,ZMQ,60,EURUSD,9.999999999843467e-06,1.0000000000065512e-05,1,0.0002,200.0,200.0
361,2022-04-12 15:35:33.330000,2022-04-12 15:35:33.330000,2022-04-12 15:35:33.330852,0.0,0.852,0.852,1.08562,1.08582,,XTB S.A.,,MT4,ZMQ,60,EURUSD,1.0000000000065512e-05,1.0000000000065512e-05,1,0.0002,200.0,200.0
362,2022-04-12 15:35:33.565000,2022-04-12 15:35:33.565000,2022-04-12 15:35:33.565593,0.0,0.593,0.593,1.08563,1.08583,,XTB S.A.,,MT4,ZMQ,60,EURUSD,1.0000000000065512e-05,1.0000000000065512e-05,1,0.0002,200.0,200.0
363,2022-04-12 15:35:34.632000,2022-04-12 15:35:34.632000,2022-04-12 15:35:34.632665,0.0,0.665,0.665,1.08562,1.08582,,XTB S.A.,,MT4,ZMQ,60,EURUSD,-1.0000000000065512e-05,-1.0000000000065512e-05,-1,0.0002,200.0,200.0
364,2022-04-12 15:35:35.997000,2022-04-12 15:35:35.997000,2022-04-12 15:35:35.997103,0.0,0.103,0.103,1.08559,1.08579,,XTB S.A.,,MT4,ZMQ,60,EURUSD,-2.999999999997449e-05,-2.999999999997449e-05,-1,0.0002,200.0,200.0
365,2022-04-12 15:35:36.232000,2022-04-12 15:35:36.232000,2022-04-12 15:35:36.232758,0.0,0.758,0.758,1.08557,1.08577,,XTB S.A.,,MT4,ZMQ,60,EURUSD,-2.0000000000131024e-05,-2.0000000000131024e-05,-1,0.0002,200.0,200.0
366,2022-04-12 15:35:36.718000,2022-04-12 15:35:36.718000,2022-04-12 15:35:36.718786,0.0,0.786,0.786,1.08559,1.08579,,XTB S.A.,,MT4,ZMQ,60,EURUSD,2.0000000000131024e-05,2.0000000000131024e-05,1,0.0002,200.0,200.0
367,2022-04-12 15:35:37.550000,2022-04-12 15:35:37.550000,2022-04-12 15:35:37.550290,0.0,0.29,0.29,1.08561,1.08581,,XTB S.A.,,MT4,ZMQ,60,EURUSD,1.999999999990898e-05,1.999999999990898e-05,1,0.0002,200.0,200.0
368,2022-04-12 15:35:37.832000,2022-04-12 15:35:37.832000,2022-04-12 15:35:37.832793,0.0,0.793,0.793,1.0856,1.0858,,XTB S.A.,,MT4,ZMQ,60,EURUSD,-9.999999999843467e-06,-1.0000000000065512e-05,-1,0.0002,200.0,200.0
369,2022-04-12 15:35:38.664000,2022-04-12 15:35:38.664000,2022-04-12 15:35:38.664273,0.0,0.273,0.273,1.08561,1.08581,,XTB S.A.,,MT4,ZMQ,60,EURUSD,9.999999999843467e-06,1.0000000000065512e-05,1,0.0002,200.0,200.0
370,2022-04-12 15:35:38.946000,2022-04-12 15:35:38.946000,2022-04-12 15:35:38.946228,0.0,0.228,0.228,1.08562,1.08582,,XTB S.A.,,MT4,ZMQ,60,EURUSD,1.0000000000065512e-05,1.0000000000065512e-05,1,0.0002,200.0,200.0
371,2022-04-12 15:35:39.150000,2022-04-12 15:35:39.150000,2022-04-12 15:35:39.150166,0.0,0.166,0.166,1.08563,1.08583,,XTB S.A.,,MT4,ZMQ,60,EURUSD,1.0000000000065512e-05,1.0000000000065512e-05,1,0.0002,200.0,200.0
372,2022-04-12 15:35:39.526000,2022-04-12 15:35:39.526000,2022-04-12 15:35:39.526509,0.0,0.509,0.509,1.08562,1.08582,,XTB S.A.,,MT4,ZMQ,60,EURUSD,-1.0000000000065512e-05,-1.0000000000065512e-05,-1,0.0002,200.0,200.0
373,2022-04-12 15:35:39.793000,2022-04-12 15:35:39.793000,2022-04-12 15:35:39.793390,0.0,0.39,0.39,1.08561,1.08581,,XTB S.A.,,MT4,ZMQ,60,EURUSD,-1.0000000000065512e-05,-1.0000000000065512e-05,-1,0.0002,200.0,200.0
374,2022-04-12 15:35:39.997000,2022-04-12 15:35:39.997000,2022-04-12 15:35:39.997334,0.0,0.334,0.334,1.08559,1.08579,,XTB S.A.,,MT4,ZMQ,60,EURUSD,-1.999999999990898e-05,-1.999999999990898e-05,-1,0.0002,200.0,200.0
375,2022-04-12 15:35:40.185000,2022-04-12 15:35:40.185000,2022-04-12 15:35:40.185643,0.0,0.643,0.643,1.08557,1.08577,,XTB S.A.,,MT4,ZMQ,60,EURUSD,-2.0000000000131024e-05,-2.0000000000131024e-05,-1,0.0002,200.0,200.0
376,2022-04-12 15:35:40.452000,2022-04-12 15:35:40.452000,2022-04-12 15:35:40.452484,0.0,0.484,0.484,1.08556,1.08576,,XTB S.A.,,MT4,ZMQ,60,EURUSD,-9.999999999843467e-06,-9.999999999843467e-06,-1,0.0002,200.0,200.0
377,2022-04-12 15:35:41.942000,2022-04-12 15:35:41.942000,2022-04-12 15:35:41.942608,0.0,0.608,0.608,1.08554,1.08574,,XTB S.A.,,MT4,ZMQ,60,EURUSD,-2.0000000000131024e-05,-2.0000000000131024e-05,-1,0.0002,200.0,200.0
378,2022-04-12 15:35:42.930000,2022-04-12 15:35:42.930000,2022-04-12 15:35:42.930451,0.0,0.451,0.451,1.08556,1.08576,,XTB S.A.,,MT4,ZMQ,60,EURUSD,2.0000000000131024e-05,2.0000000000131024e-05,1,0.0002,200.0,200.0
379,2022-04-12 15:35:44.876000,2022-04-12 15:35:44.876000,2022-04-12 15:35:44.876112,0.0,0.112,0.112,1.08554,1.08574,,XTB S.A.,,MT4,ZMQ,60,EURUSD,-2.0000000000131024e-05,-2.0000000000131024e-05,-1,0.0002,200.0,200.0
380,2022-04-12 15:35:45.126000,2022-04-12 15:35:45.126000,2022-04-12 15:35:45.126944,0.0,0.944,0.944,1.08548,1.08568,,XTB S.A.,,MT4,ZMQ,60,EURUSD,-5.999999999994898e-05,-5.999999999994898e-05,-1,0.0002,200.0,200.0
381,2022-04-12 15:35:45.425000,2022-04-12 15:35:45.425000,2022-04-12 15:35:45.425146,0.0,0.146,0.146,1.08546,1.08566,,XTB S.A.,,MT4,ZMQ,60,EURUSD,-1.999999999990898e-05,-1.999999999990898e-05,-1,0.0002,200.0,200.0
382,2022-04-12 15:35:45.817000,2022-04-12 15:35:45.817000,2022-04-12 15:35:45.817644,0.0,0.644,0.644,1.08544,1.08564,,XTB S.A.,,MT4,ZMQ,60,EURUSD,-2.0000000000131024e-05,-2.0000000000131024e-05,-1,0.0002,200.0,200.0
383,2022-04-12 15:35:46.132000,2022-04-12 15:35:46.132000,2022-04-12 15:35:46.132739,0.0,0.739,0.739,1.08543,1.08563,,XTB S.A.,,MT4,ZMQ,60,EURUSD,-9.999999999843467e-06,-1.0000000000065512e-05,-1,0.0002,200.0,200.0
384,2022-04-12 15:35:46.619000,2022-04-12 15:35:46.619000,2022-04-12 15:35:46.619467,0.0,0.467,0.467,1.08542,1.08562,,XTB S.A.,,MT4,ZMQ,60,EURUSD,-1.0000000000065512e-05,-9.999999999843467e-06,-1,0.0002,200.0,200.0
385,2022-04-12 15:35:47.231000,2022-04-12 15:35:47.231000,2022-04-12 15:35:47.231617,0.0,0.617,0.617,1.08544,1.08564,,XTB S.A.,,MT4,ZMQ,60,EURUSD,1.999999999990898e-05,1.999999999990898e-05,1,0.0002,200.0,200.0
386,2022-04-12 15:35:47.498000,2022-04-12 15:35:47.498000,2022-04-12 15:35:47.498642,0.0,0.642,0.642,1.08545,1.08565,,XTB S.A.,,MT4,ZMQ,60,EURUSD,1.0000000000065512e-05,1.0000000000065512e-05,1,0.0002,200.0,200.0
387,2022-04-12 15:35:48.158000,2022-04-12 15:35:48.158000,2022-04-12 15:35:48.158092,0.0,0.092,0.092,1.08544,1.08564,,XTB S.A.,,MT4,ZMQ,60,EURUSD,-1.0000000000065512e-05,-1.0000000000065512e-05,-1,0.0002,200.0,200.0
388,2022-04-12 15:35:49.091000,2022-04-12 15:35:49.091000,2022-04-12 15:35:49.100950,0.0,9.95,9.95,1.08543,1.08563,,XTB S.A.,,MT4,ZMQ,60,EURUSD,-9.999999999843467e-06,-1.0000000000065512e-05,-1,0.0002,200.0,200.0
389,2022-04-12 15:35:49.654000,2022-04-12 15:35:49.654000,2022-04-12 15:35:49.656951,0.0,2.951,2.951,1.08546,1.08566,,XTB S.A.,,MT4,ZMQ,60,EURUSD,2.999999999997449e-05,3.0000000000196536e-05,1,0.0002,200.0,200.0
390,2022-04-12 15:35:49.897000,2022-04-12 15:35:49.897000,2022-04-12 15:35:49.897177,0.0,0.177,0.177,1.08552,1.08572,,XTB S.A.,,MT4,ZMQ,60,EURUSD,5.999999999994898e-05,5.999999999994898e-05,1,0.0002,200.0,200.0
391,2022-04-12 15:35:50.262000,2022-04-12 15:35:50.262000,2022-04-12 15:35:50.264350,0.0,2.35,2.35,1.08551,1.08571,,XTB S.A.,,MT4,ZMQ,60,EURUSD,-1.0000000000065512e-05,-1.0000000000065512e-05,-1,0.0002,200.0,200.0
392,2022-04-12 15:35:50.956000,2022-04-12 15:35:50.956000,2022-04-12 15:35:50.956954,0.0,0.954,0.954,1.08552,1.08572,,XTB S.A.,,MT4,ZMQ,60,EURUSD,1.0000000000065512e-05,1.0000000000065512e-05,1,0.0002,200.0,200.0
393,2022-04-12 15:35:51.355000,2022-04-12 15:35:51.355000,2022-04-12 15:35:51.357791,0.0,2.791,2.791,1.08551,1.08571,,XTB S.A.,,MT4,ZMQ,60,EURUSD,-1.0000000000065512e-05,-1.0000000000065512e-05,-1,0.0002,200.0,200.0
394,2022-04-12 15:35:51.676000,2022-04-12 15:35:51.676000,2022-04-12 15:35:51.676659,0.0,0.659,0.659,1.08549,1.08569,,XTB S.A.,,MT4,ZMQ,60,EURUSD,-1.999999999990898e-05,-1.999999999990898e-05,-1,0.0002,200.0,200.0
395,2022-04-12 15:35:52.327000,2022-04-12 15:35:52.327000,2022-04-12 15:35:52.327650,0.0,0.65,0.65,1.0855,1.0857,,XTB S.A.,,MT4,ZMQ,60,EURUSD,1.0000000000065512e-05,9.999999999843467e-06,1,0.0002,200.0,200.0
396,2022-04-12 15:35:52.725000,2022-04-12 15:35:52.725000,2022-04-12 15:35:52.727146,0.0,2.146,2.146,1.08548,1.08568,,XTB S.A.,,MT4,ZMQ,60,EURUSD,-2.0000000000131024e-05,-1.999999999990898e-05,-1,0.0002,200.0,200.0
397,2022-04-12 15:35:53.157000,2022-04-12 15:35:53.157000,2022-04-12 15:35:53.159229,0.0,2.229,2.229,1.08549,1.08569,,XTB S.A.,,MT4,ZMQ,60,EURUSD,1.0000000000065512e-05,1.0000000000065512e-05,1,0.0002,200.0,200.0
398,2022-04-12 15:35:53.635000,2022-04-12 15:35:53.635000,2022-04-12 15:35:53.635013,0.0,0.013,0.013,1.08546,1.08566,,XTB S.A.,,MT4,ZMQ,60,EURUSD,-2.999999999997449e-05,-2.999999999997449e-05,-1,0.0002,200.0,200.0
399,2022-04-12 15:35:54.211000,2022-04-12 15:35:54.211000,2022-04-12 15:35:54.212633,0.0,1.633,1.633,1.08547,1.08567,,XTB S.A.,,MT4,ZMQ,60,EURUSD,9.999999999843467e-06,9.999999999843467e-06,1,0.0002,200.0,200.0
400,2022-04-12 15:35:55.243000,2022-04-12 15:35:55.243000,2022-04-12 15:35:55.245481,0.0,2.481,2.481,1.08542,1.08562,,XTB S.A.,,MT4,ZMQ,60,EURUSD,-4.999999999988347e-05,-4.999999999988347e-05,-1,0.0002,200.0,200.0
401,2022-04-12 15:35:55.639000,2022-04-12 15:35:55.639000,2022-04-12 15:35:55.639471,0.0,0.471,0.471,1.08546,1.08566,,XTB S.A.,,MT4,ZMQ,60,EURUSD,4.000000000004e-05,4.000000000004e-05,1,0.0002,200.0,200.0
402,2022-04-12 15:35:55.949000,2022-04-12 15:35:55.949000,2022-04-12 15:35:55.950058,0.0,1.058,1.058,1.08548,1.08568,,XTB S.A.,,MT4,ZMQ,60,EURUSD,1.999999999990898e-05,1.999999999990898e-05,1,0.0002,200.0,200.0
403,2022-04-12 15:35:57.589000,2022-04-12 15:35:57.589000,2022-04-12 15:35:57.589325,0.0,0.325,0.325,1.08545,1.08565,,XTB S.A.,,MT4,ZMQ,60,EURUSD,-2.999999999997449e-05,-2.999999999997449e-05,-1,0.0002,200.0,200.0
404,2022-04-12 15:35:59.373000,2022-04-12 15:35:59.373000,2022-04-12 15:35:59.373275,0.0,0.275,0.275,1.08544,1.08564,,XTB S.A.,,MT4,ZMQ,60,EURUSD,-1.0000000000065512e-05,-1.0000000000065512e-05,-1,0.0002,200.0,200.0
405,2022-04-12 15:35:59.924000,2022-04-12 15:35:59.924000,2022-04-12 15:35:59.926731,0.0,2.731,2.731,1.08543,1.08563,,XTB S.A.,,MT4,ZMQ,60,EURUSD,-9.999999999843467e-06,-1.0000000000065512e-05,-1,0.0002,200.0,200.0
406,2022-04-12 15:36:00.451000,2022-04-12 15:36:00.451000,2022-04-12 15:36:00.451072,0.0,0.072,0.072,1.08537,1.08557,,XTB S.A.,,MT4,ZMQ,60,EURUSD,-6.000000000017103e-05,-5.999999999994898e-05,-1,0.0002,200.0,200.0
407,2022-04-12 15:36:00.794000,2022-04-12 15:36:00.794000,2022-04-12 15:36:00.795665,0.0,1.665,1.665,1.08541,1.08561,,XTB S.A.,,MT4,ZMQ,60,EURUSD,4.000000000004e-05,4.000000000004e-05,1,0.0002,200.0,200.0
408,2022-04-12 15:36:01.229000,2022-04-12 15:36:01.229000,2022-04-12 15:36:01.229134,0.0,0.134,0.134,1.08543,1.08563,,XTB S.A.,,MT4,ZMQ,60,EURUSD,2.0000000000131024e-05,1.999999999990898e-05,1,0.0002,200.0,200.0
409,2022-04-12 15:36:01.683000,2022-04-12 15:36:01.683000,2022-04-12 15:36:01.684010,0.0,1.01,1.01,1.08541,1.08561,,XTB S.A.,,MT4,ZMQ,60,EURUSD,-2.0000000000131024e-05,-1.999999999990898e-05,-1,0.0002,200.0,200.0
410,2022-04-12 15:36:01.867000,2022-04-12 15:36:01.867000,2022-04-12 15:36:01.867165,0.0,0.165,0.165,1.08539,1.08559,,XTB S.A.,,MT4,ZMQ,60,EURUSD,-1.999999999990898e-05,-1.999999999990898e-05,-1,0.0002,200.0,200.0
411,2022-04-12 15:36:02.838000,2022-04-12 15:36:02.838000,2022-04-12 15:36:02.840422,0.0,2.422,2.422,1.08537,1.08557,,XTB S.A.,,MT4,ZMQ,60,EURUSD,-2.0000000000131024e-05,-2.0000000000131024e-05,-1,0.0002,200.0,200.0
412,2022-04-12 15:36:04.315000,2022-04-12 15:36:04.315000,2022-04-12 15:36:04.316950,0.0,1.95,1.95,1.08536,1.08556,,XTB S.A.,,MT4,ZMQ,60,EURUSD,-9.999999999843467e-06,-9.999999999843467e-06,-1,0.0002,200.0,200.0
413,2022-04-12 15:36:04.962000,2022-04-12 15:36:04.962000,2022-04-12 15:36:04.962320,0.0,0.32,0.32,1.08537,1.08557,,XTB S.A.,,MT4,ZMQ,60,EURUSD,9.999999999843467e-06,9.999999999843467e-06,1,0.0002,200.0,200.0
414,2022-04-12 15:36:05.327000,2022-04-12 15:36:05.327000,2022-04-12 15:36:05.328026,0.0,1.026,1.026,1.08536,1.08556,,XTB S.A.,,MT4,ZMQ,60,EURUSD,-9.999999999843467e-06,-9.999999999843467e-06,-1,0.0002,200.0,200.0
415,2022-04-12 15:36:05.585000,2022-04-12 15:36:05.585000,2022-04-12 15:36:05.586676,0.0,1.676,1.676,1.08534,1.08554,,XTB S.A.,,MT4,ZMQ,60,EURUSD,-2.0000000000131024e-05,-2.0000000000131024e-05,-1,0.0002,200.0,200.0
416,2022-04-12 15:36:05.925000,2022-04-12 15:36:05.925000,2022-04-12 15:36:05.927263,0.0,2.263,2.263,1.08535,1.08555,,XTB S.A.,,MT4,ZMQ,60,EURUSD,1.0000000000065512e-05,1.0000000000065512e-05,1,0.0002,200.0,200.0
417,2022-04-12 15:36:06.330000,2022-04-12 15:36:06.330000,2022-04-12 15:36:06.332445,0.0,2.445,2.445,1.08536,1.08556,,XTB S.A.,,MT4,ZMQ,60,EURUSD,1.0000000000065512e-05,1.0000000000065512e-05,1,0.0002,200.0,200.0
418,2022-04-12 15:36:06.571000,2022-04-12 15:36:06.571000,2022-04-12 15:36:06.571922,0.0,0.922,0.922,1.08535,1.08555,,XTB S.A.,,MT4,ZMQ,60,EURUSD,-1.0000000000065512e-05,-1.0000000000065512e-05,-1,0.0002,200.0,200.0
419,2022-04-12 15:36:06.890000,2022-04-12 15:36:06.890000,2022-04-12 15:36:06.891936,0.0,1.936,1.936,1.08536,1.08556,,XTB S.A.,,MT4,ZMQ,60,EURUSD,1.0000000000065512e-05,1.0000000000065512e-05,1,0.0002,200.0,200.0
420,2022-04-12 15:36:07.311000,2022-04-12 15:36:07.311000,2022-04-12 15:36:07.313596,0.0,2.596,2.596,1.08537,1.08557,,XTB S.A.,,MT4,ZMQ,60,EURUSD,9.999999999843467e-06,9.999999999843467e-06,1,0.0002,200.0,200.0
421,2022-04-12 15:36:09.334000,2022-04-12 15:36:09.334000,2022-04-12 15:36:09.336143,0.0,2.143,2.143,1.08539,1.08559,,XTB S.A.,,MT4,ZMQ,60,EURUSD,2.0000000000131024e-05,2.0000000000131024e-05,1,0.0002,200.0,200.0
422,2022-04-12 15:36:11.385000,2022-04-12 15:36:11.385000,2022-04-12 15:36:11.387742,0.0,2.742,2.742,1.08538,1.08558,,XTB S.A.,,MT4,ZMQ,60,EURUSD,-1.0000000000065512e-05,-1.0000000000065512e-05,-1,0.0002,200.0,200.0
423,2022-04-12 15:36:14.272000,2022-04-12 15:36:14.272000,2022-04-12 15:36:14.274672,0.0,2.672,2.672,1.08536,1.08556,,XTB S.A.,,MT4,ZMQ,60,EURUSD,-1.999999999990898e-05,-1.999999999990898e-05,-1,0.0002,200.0,200.0
424,2022-04-12 15:36:15.504000,2022-04-12 15:36:15.504000,2022-04-12 15:36:15.505861,0.0,1.861,1.861,1.08535,1.08555,,XTB S.A.,,MT4,ZMQ,60,EURUSD,-1.0000000000065512e-05,-1.0000000000065512e-05,-1,0.0002,200.0,200.0
425,2022-04-12 15:36:15.735000,2022-04-12 15:36:15.735000,2022-04-12 15:36:15.737526,0.0,2.526,2.526,1.08536,1.08556,,XTB S.A.,,MT4,ZMQ,60,EURUSD,1.0000000000065512e-05,1.0000000000065512e-05,1,0.0002,200.0,200.0
426,2022-04-12 15:36:17.183000,2022-04-12 15:36:17.183000,2022-04-12 15:36:17.186944,0.0,3.944,3.944,1.08534,1.08554,,XTB S.A.,,MT4,ZMQ,60,EURUSD,-2.0000000000131024e-05,-2.0000000000131024e-05,-1,0.0002,200.0,200.0
427,2022-04-12 15:36:17.486000,2022-04-12 15:36:17.486000,2022-04-12 15:36:17.488943,0.0,2.943,2.943,1.08535,1.08555,,XTB S.A.,,MT4,ZMQ,60,EURUSD,1.0000000000065512e-05,1.0000000000065512e-05,1,0.0002,200.0,200.0
428,2022-04-12 15:36:18.577000,2022-04-12 15:36:18.577000,2022-04-12 15:36:18.579366,0.0,2.366,2.366,1.08534,1.08554,,XTB S.A.,,MT4,ZMQ,60,EURUSD,-1.0000000000065512e-05,-1.0000000000065512e-05,-1,0.0002,200.0,200.0
429,2022-04-12 15:36:19.778000,2022-04-12 15:36:19.778000,2022-04-12 15:36:19.778169,0.0,0.169,0.169,1.08535,1.08555,,XTB S.A.,,MT4,ZMQ,60,EURUSD,1.0000000000065512e-05,1.0000000000065512e-05,1,0.0002,200.0,200.0
430,2022-04-12 15:36:20.999000,2022-04-12 15:36:20.999000,2022-04-12 15:36:21.001317,0.0,2.317,2.317,1.08538,1.08558,,XTB S.A.,,MT4,ZMQ,60,EURUSD,2.999999999997449e-05,2.999999999997449e-05,1,0.0002,200.0,200.0
431,2022-04-12 15:36:24.139000,2022-04-12 15:36:24.139000,2022-04-12 15:36:24.139129,0.0,0.129,0.129,1.08539,1.08559,,XTB S.A.,,MT4,ZMQ,60,EURUSD,1.0000000000065512e-05,1.0000000000065512e-05,1,0.0002,200.0,200.0
432,2022-04-12 15:36:25.725000,2022-04-12 15:36:25.725000,2022-04-12 15:36:25.727035,0.0,2.035,2.035,1.0854,1.0856,,XTB S.A.,,MT4,ZMQ,60,EURUSD,9.999999999843467e-06,9.999999999843467e-06,1,0.0002,200.0,200.0
433,2022-04-12 15:36:30.755000,2022-04-12 15:36:30.755000,2022-04-12 15:36:30.755478,0.0,0.478,0.478,1.08541,1.08561,,XTB S.A.,,MT4,ZMQ,60,EURUSD,1.0000000000065512e-05,1.0000000000065512e-05,1,0.0002,200.0,200.0
434,2022-04-12 15:36:31.775000,2022-04-12 15:36:31.775000,2022-04-12 15:36:31.775274,0.0,0.274,0.274,1.08543,1.08563,,XTB S.A.,,MT4,ZMQ,60,EURUSD,2.0000000000131024e-05,1.999999999990898e-05,1,0.0002,200.0,200.0
435,2022-04-12 15:36:31.885000,2022-04-12 15:36:31.885000,2022-04-12 15:36:31.885039,0.0,0.039,0.039,1.08546,1.08566,,XTB S.A.,,MT4,ZMQ,60,EURUSD,2.999999999997449e-05,3.0000000000196536e-05,1,0.0002,200.0,200.0
436,2022-04-12 15:36:33.103000,2022-04-12 15:36:33.103000,2022-04-12 15:36:33.103534,0.0,0.534,0.534,1.08547,1.08567,,XTB S.A.,,MT4,ZMQ,60,EURUSD,9.999999999843467e-06,9.999999999843467e-06,1,0.0002,200.0,200.0
437,2022-04-12 15:36:33.412000,2022-04-12 15:36:33.412000,2022-04-12 15:36:33.413887,0.0,1.887,1.887,1.08548,1.08568,,XTB S.A.,,MT4,ZMQ,60,EURUSD,1.0000000000065512e-05,1.0000000000065512e-05,1,0.0002,200.0,200.0
438,2022-04-12 15:36:35.262000,2022-04-12 15:36:35.262000,2022-04-12 15:36:35.264425,0.0,2.425,2.425,1.08547,1.08567,,XTB S.A.,,MT4,ZMQ,60,EURUSD,-1.0000000000065512e-05,-1.0000000000065512e-05,-1,0.0002,200.0,200.0
439,2022-04-12 15:36:35.960000,2022-04-12 15:36:35.960000,2022-04-12 15:36:35.960280,0.0,0.28,0.28,1.08548,1.08568,,XTB S.A.,,MT4,ZMQ,60,EURUSD,1.0000000000065512e-05,1.0000000000065512e-05,1,0.0002,200.0,200.0
440,2022-04-12 15:36:36.310000,2022-04-12 15:36:36.310000,2022-04-12 15:36:36.310737,0.0,0.737,0.737,1.08549,1.08569,,XTB S.A.,,MT4,ZMQ,60,EURUSD,1.0000000000065512e-05,1.0000000000065512e-05,1,0.0002,200.0,200.0
441,2022-04-12 15:36:36.829000,2022-04-12 15:36:36.829000,2022-04-12 15:36:36.831920,0.0,2.92,2.92,1.08547,1.08567,,XTB S.A.,,MT4,ZMQ,60,EURUSD,-2.0000000000131024e-05,-2.0000000000131024e-05,-1,0.0002,200.0,200.0
442,2022-04-12 15:36:37.399000,2022-04-12 15:36:37.399000,2022-04-12 15:36:37.399702,0.0,0.702,0.702,1.08543,1.08563,,XTB S.A.,,MT4,ZMQ,60,EURUSD,-3.999999999981796e-05,-4.000000000004e-05,-1,0.0002,200.0,200.0
443,2022-04-12 15:36:37.901000,2022-04-12 15:36:37.901000,2022-04-12 15:36:37.901413,0.0,0.413,0.413,1.08541,1.08561,,XTB S.A.,,MT4,ZMQ,60,EURUSD,-2.0000000000131024e-05,-1.999999999990898e-05,-1,0.0002,200.0,200.0
444,2022-04-12 15:36:38.247000,2022-04-12 15:36:38.247000,2022-04-12 15:36:38.247064,0.0,0.064,0.064,1.0854,1.0856,,XTB S.A.,,MT4,ZMQ,60,EURUSD,-1.0000000000065512e-05,-1.0000000000065512e-05,-1,0.0002,200.0,200.0
445,2022-04-12 15:36:42.848000,2022-04-12 15:36:42.848000,2022-04-12 15:36:42.848582,0.0,0.582,0.582,1.08543,1.08563,,XTB S.A.,,MT4,ZMQ,60,EURUSD,3.0000000000196536e-05,2.999999999997449e-05,1,0.0002,200.0,200.0
446,2022-04-12 15:36:43.178000,2022-04-12 15:36:43.178000,2022-04-12 15:36:43.178207,0.0,0.207,0.207,1.08542,1.08562,,XTB S.A.,,MT4,ZMQ,60,EURUSD,-1.0000000000065512e-05,-9.999999999843467e-06,-1,0.0002,200.0,200.0
447,2022-04-12 15:36:43.381000,2022-04-12 15:36:43.381000,2022-04-12 15:36:43.381809,0.0,0.809,0.809,1.08537,1.08557,,XTB S.A.,,MT4,ZMQ,60,EURUSD,-5.000000000010552e-05,-5.000000000010552e-05,-1,0.0002,200.0,200.0
448,2022-04-12 15:36:43.967000,2022-04-12 15:36:43.967000,2022-04-12 15:36:43.967160,0.0,0.16,0.16,1.08536,1.08556,,XTB S.A.,,MT4,ZMQ,60,EURUSD,-9.999999999843467e-06,-9.999999999843467e-06,-1,0.0002,200.0,200.0
449,2022-04-12 15:36:44.311000,2022-04-12 15:36:44.311000,2022-04-12 15:36:44.311331,0.0,0.331,0.331,1.08535,1.08555,,XTB S.A.,,MT4,ZMQ,60,EURUSD,-1.0000000000065512e-05,-1.0000000000065512e-05,-1,0.0002,200.0,200.0
450,2022-04-12 15:36:45.252000,2022-04-12 15:36:45.252000,2022-04-12 15:36:45.252539,0.0,0.539,0.539,1.08536,1.08556,,XTB S.A.,,MT4,ZMQ,60,EURUSD,1.0000000000065512e-05,1.0000000000065512e-05,1,0.0002,200.0,200.0
451,2022-04-12 15:36:45.456000,2022-04-12 15:36:45.456000,2022-04-12 15:36:45.456562,0.0,0.562,0.562,1.08537,1.08557,,XTB S.A.,,MT4,ZMQ,60,EURUSD,9.999999999843467e-06,9.999999999843467e-06,1,0.0002,200.0,200.0
452,2022-04-12 15:36:45.833000,2022-04-12 15:36:45.833000,2022-04-12 15:36:45.833370,0.0,0.37,0.37,1.08536,1.08556,,XTB S.A.,,MT4,ZMQ,60,EURUSD,-9.999999999843467e-06,-9.999999999843467e-06,-1,0.0002,200.0,200.0
